2254 3548
292 155 348 195 30
751 143 819 184 111.
881 141 966 181 RH
973 141 1215 183 ETORUM
1245 141 1630 182 INCERTORUM

292 301 401 366 ρῶς,
451 287 599 365 μετὰ]
643 286 791 359 Ι’τῶν
829 293 1080 364 ναυαγίων
1117 291 1428 365 ἐξεφέρεσῦε,
1469 293 1557 344 καὶ
1593 291 1699 345 τότ’
1740 291 1812 364 ἄρ’·
1854 293 2084 366 ἐνέτυχον

289 384 398 454 ὑμῖν
449 380 566 443 ἀλλ’
618 383 726 453 ὑμῖν
779 418 1029 430 .......
1067 386 1175 443 τοῖς
1222 374 1656 447 ὑπο[ῧ]ε[ῧ]υκὸσιν
1696 382 1866 456 μηδὲν.
1903 377 1910 445 Ι
1942 381 2083 434 Ἀντὶ

287 477 380 536 τῆς
420 469 771 541 ἀνδραγαθίας
809 468 919 531 κατ’
975 463 1246 542 [ἐ]ντάφιον
1299 471 1432 541 ὑμῶν
1472 508 1722 519 .......
1761 471 1849 523 καὶ
1886 471 1963 524 ἐπὶ
1999 475 2082 544 γῇ.

288 552 500 631 [Β]ραχύ
539 577 589 610 τι
623 551 630 625 Ι
663 559 708 610 δ’
756 559 865 630 ὑμῖν
905 558 931 610 ὁ
972 558 1264 629 στρατηγὸς
1302 558 1608 631 ἐπέγραψεν·
1643 558 1720 611 ‘06
1749 558 1959 613 ὃάπτωῖ

284 863 342 906 42
382 863 455 907 καὶ
485 863 558 907 καὶ
587 857 672 907 τὸτ’
705 878 732 918 p
765 878 839 918 per
871 878 1065 905 errorem.
1216 862 1276 905 44
1308 858 1375 907 ἐπὶ
1403 868 1454 927 γῇ
1490 862 1757 930 [β]ρᾳχ[ε]ίᾳῑ.
1781 861 1935 918 Egger,
1968 866 2082 919 quod

284 941 461 982 mutavi.
525 963 580 969 —-
645 940 766 991 Quae
808 945 953 979 extant
995 940 1202 979 orationis
1243 940 1481 991 fragmenta
1518 947 1615 980 sunt
1646 948 1793 982 contra
1825 942 2090 994 praefectum>

286 1015 432 1055 classis
478 1014 670 1065 habitae,
721 1014 792 1066 qui
831 1014 1011 1053 victoria
1052 1013 1197 1053 navali
1238 1019 1359 1066 parta
1406 1014 1651 1054 vulneratos
1694 1021 1734 1055 et
1774 1021 1964 1055 mortuos
1994 1027 2082 1054 non

285 1089 482 1131 servavit.
547 1090 652 1129 Cum
694 1089 872 1127 nomina
902 1088 1078 1140 propria
1108 1101 1196 1127 non
1229 1093 1471 1138 occurrant,
1514 1102 1652 1141 neque
1686 1090 1778 1142 quis
1810 1095 1956 1129 auctor
1986 1101 2081 1128 ora-

284 1163 411 1202 tionis
443 1163 584 1213 fuerit,
619 1175 755 1215 neque
788 1175 916 1214 quam
948 1163 1003 1201 ad
1036 1175 1224 1215 pugnam
1246 1162 1440 1202 navalem
1462 1164 1595 1210 verba
1617 1164 1866 1215 pertineant,
1901 1167 2079 1212 constat,

285 1250 423 1290 neque
464 1227 621 1289 quibus
664 1237 928 1289 temporibus
968 1236 1106 1275 oratio
1139 1242 1231 1276 orta
1261 1236 1337 1285 sit,
1381 1236 1509 1276 facile
1541 1242 1602 1276 est
1633 1236 1910 1278 diiudicare.v
1944 1237 2082 1289 Egger

286 1317 502 1351 auctorem
543 1317 733 1364 spectare
762 1311 818 1351 ad
851 1323 1038 1362 pugnam
1069 1323 1114 1349 re
1146 1322 1246 1350 vera
1278 1311 1549 1351 commissam
1578 1312 1684 1351 licet
1715 1311 1863 1351 incerti
1894 1310 2081 1350 nominis

284 1386 415 1435 dicit,
465 1391 505 1425 et
551 1385 833 1437 fragmentum
880 1383 1043 1437 pai-tem
1086 1397 1174 1424 esse
1216 1384 1356 1423 brevis
1397 1385 1602 1425 orationis
1642 1399 1728 1425 non
1769 1385 1813 1424 in
1854 1385 1949 1425 foro
1981 1395 2090 1424 vere·

282 1459 460 1499 habitae
504 1472 642 1512 neque
675 1460 720 1498 in
752 1460 969 1499 rhetorum
1001 1459 1159 1501 scholis
1191 1459 1454 1498 declamatae
1487 1460 1561 1498 sed
1595 1460 1764 1499 cuidam
1796 1459 1918 1511 operi
1948 1459 2089 1498 histo·—

237 1551 241 1554 ·
283 1534 374 1574 rico
426 1534 611 1573 intextae
663 1534 862 1586 opinatus
914 1543 988 1573 est.
1059 1534 1200 1585 Atque
1246 1546 1343 1573 cum
1389 1533 1528 1584 Egger
1575 1534 1731 1573 vixisse
1777 1533 1898 1572 illurn
1944 1545 2081 1573 rerum

284 1609 534 1661 scriptorem
575 1608 711 1660 primo
754 1613 851 1646 ante
896 1607 996 1647 Chr.
1039 1613 1185 1646 natum
1223 1607 1393 1646 saeculo
1436 1607 1574 1657 dicat,
1620 1609 1884 1659 Haeberlin,
1933 1607 2005 1660 qui
2035 1607 2090 1648 in.

283 1682 460 1734 reliquis
508 1694 601 1720 eum
648 1671 857 1734 sequitur,
905 1681 1040 1720 multo
1080 1680 1363 1733 antiquiorem
1404 1693 1498 1720 eum
1531 1694 1622 1720 esse
1654 1682 1789 1722 causis
1820 1695 1908 1721 non
1939 1681 2081 1721 allatis

284 1756 455 1797 conicit.
519 1755 709 1806 Quorum
751 1756 939 1795 virorum
982 1755 1205 1794 doctorum
1245 1755 1477 1794 sententias
1515 1768 1602 1795 non
1644 1757 1796 1808 probo.
1859 1757 1969 1796 Nam
2007 1755 2080 1796 vix

284 1831 486 1871 credibile
533 1837 614 1881 est,
664 1831 717 1869 de
763 1843 908 1882 pugna
954 1835 1039 1869 tam
1082 1829 1200 1868 miris
1239 1828 1564 1869 conditionibus
1606 1831 1719 1870 facta
1757 1830 1878 1870 nullo
1910 1830 1997 1870 alio
2029 1842 2086 1870 ex-

282 1907 401 1945 fonte
447 1906 576 1945 nobis
616 1905 845 1957 quicquam
887 1904 1090 1944 traditum
1122 1916 1232 1951 esse;
1282 1903 1458 1946 nomina
1488 1904 1667 1956 propria
1697 1905 1872 1954 desunt3
1920 1917 2004 1957 qua
2035 1904 2080 1944 in

281 1980 386 2019 urbe
433 1987 508 2020 aut
555 1979 709 2031 quibus
755 1979 1019 2031 temporibus
1065 1977 1201 2016 oratio
1248 1977 1397 2017 habita
1444 1978 1519 2028 sit,
1568 1979 1750 2032 perspici
1797 1992 1885 2018 non
1925 1983 2078 2031 potest.

282 2053 403 2105 Quae
449 2066 515 2093 res
564 2053 854 2093 demonstrare
899 2052 1007 2091 mihi
1047 2052 1266 2101 videntur,
1314 2052 1526 2092 rhetorem
1565 2053 1778 2105 quendam
1820 2051 2078 2093 exercitandi

282 2141 408 2167 causa
439 2127 611 2166 finxisse
645 2132 950 2178 argumentum.
1022 2126 1242 2165 Praeterea
1271 2125 1481 2165 sententia
1514 2140 1608 2166 mea
1639 2128 1843 2180 probatur
1873 2138 2078 2177 sermone,

281 2214 406 2254 quem
448 2201 626 2240 adhibet
667 2206 825 2241 auctor.
899 2199 1130 2252 Complura
1175 2199 1287 2239 enim
1327 2201 1539 2240 vocabula
1581 2214 1606 2240 a
1647 2202 1817 2241 rhetore
1849 2201 1928 2241 illo
1958 2213 2083 2240 usur··
2135 2224 2141 2229 -

280 2283 382 2329 pata
411 2275 514 2314 inde
546 2289 571 2314 a
592 2275 763 2328 Polybii
796 2276 967 2314 demum
998 2274 1262 2326 temporibus
1293 2274 1461 2326 saepius
1492 2274 1769 2324 adhibentur;
1804 2282 1931 2328 atque
1951 2274 2078 2314 nobis

279 2349 484 2402 loquendi
527 2343 689 2388 morem
729 2349 910 2388 auctoris
951 2347 1293 2387 examinantibus
1331 2348 1472 2387 statim
1514 2349 1736 2400 apparebit
1778 2363 1872 2389 eum
1911 2348 2078 2401 vulgari

279 2437 495 2474 sermone,
540 2424 615 2477 qui
658 2423 903 2462 nominatur
941 2417 1079 2475 κοινή,
1113 2421 1175 2461 uti
1209 2421 1380 2460 solitum
1413 2435 1502 2461 esse
1535 2420 1602 2475 (cf.
1635 2423 1814 2475 Jander,
1847 2423 2076 2464 Oratorum

279 2505 319 2538 et
351 2499 566 2538 rhetorum
598 2499 838 2549 fragmenta
869 2497 1049 2536 collecta
1080 2509 1121 2548 p.
1146 2494 1234 2549 68).
1297 2495 1380 2536 Sed
1413 2497 1662 2548 plerumque
1693 2503 1905 2537 oratorem
1929 2496 2076 2536 Attico

278 2585 472 2612 sermone
504 2572 568 2611 uti
601 2578 800 2611 conatum
833 2584 895 2621 ea,
929 2583 1038 2622 quae
1070 2570 1280 2619 sensisset,
1315 2570 1475 2622 optime
1509 2572 1759 2623 expressisse
1782 2579 1892 2610 recte
1914 2583 2074 2622 cogno·

279 2648 339 2686 vit
382 2647 538 2698 Egger.
601 2647 664 2686 Ex
706 2659 757 2685 eo
802 2657 992 2698 quoque,
1034 2645 1149 2696 quod
1192 2644 1237 2683 in
1280 2657 1441 2696 papyro
1474 2645 1720 2697 plerumque
1752 2660 1800 2686 ττ
1838 2642 1911 2699 (cf.
1943 2658 1983 2686 V.
2016 2654 2074 2684 20

279 2718 528 2774 θαλάττης),
572 2726 634 2760 ter
676 2720 811 2759 solum
853 2733 906 2761 σσ
939 2717 1008 2773 (cf.
1041 2733 1078 2761 v,
1116 2719 1167 2758 16
1201 2715 1413 2771 θάλασσα)
1445 2719 1737 2769 inveniuntur,
1778 2732 1874 2758 mea
1905 2718 2076 2771 quidem

277 2795 488 2835 sententia
521 2795 861 2834 concludendum
894 2799 955 2833 est
987 2793 1042 2832 iis
1074 2793 1338 2845 temporibus
1371 2792 1608 2833 orationem
1629 2799 1764 2833 ortam
1786 2806 1887 2843 esse,
1920 2792 2077 2845 quibus

276 2882 438 2909 morem
469 2869 673 2908 sermonis
695 2868 825 2907 Attici
858 2867 1098 2907 adhibendi
1132 2865 1263 2919 paulo
1294 2871 1420 2906 antea
1442 2866 1733 2907 introductum
1755 2872 1948 2908 auctores
1966 2879 2074 2905 non-

275 2943 376 2982 dum
424 2942 650 2994 diligenter
697 2942 995 2995 sequebantur.
1074 2942 1220 2992 Itaque
1260 2940 1373 2981 cirea
1419 2940 1631 2981 Christum
1672 2947 1819 2982 natum
1860 2941 2073 2981 rhetorem

274 3018 434 3057 vixisse
481 3023 585 3070 puto
633 3023 783 3069 atque,
831 3016 867 3055 si
914 3021 1026 3055 recte
1068 3015 1207 3067 Egger
1253 3014 1430 3066 agnovit
1476 3015 1507 3055 1.
1558 3028 1597 3067 p.
1641 3016 1741 3057 Chr.
1785 3029 1827 3057 n.
1869 3025 2075 3067 papyrum

274 3092 477 3144 scriptam
527 3104 638 3141 esse,
696 3097 910 3130 auctorem
959 3090 1097 3142 ipsum
1144 3089 1333 3128 chartam
1380 3089 1679 3142 conscripsisse
1726 3089 1956 3130 verisimile
2001 3092 2076 3130 est.

274 3166 381 3218 Qui,
431 3166 467 3204 si
511 3165 713 3205 Atticista
755 3171 864 3214 erat,
915 3164 1016 3203 certi
1059 3163 1278 3203 cuiusdam
1317 3163 1472 3203 veteris
1514 3164 1694 3204 oratoris
1738 3176 1869 3216 genus
1899 3161 2070 3204 dicendi

273 3240 542 3293 sequebatur.
607 3239 688 3280 Sed
731 3252 857 3291 quem
897 3238 1042 3278 rhetor
1073 3237 1263 3276 imitatus
1293 3236 1361 3286 sit,
1396 3236 1638 3278 diiudicare
1671 3252 1758 3278 non
1790 3237 1948 3291 audeo;
1988 3236 2078 3275 for·
