2254 3548
381 167 439 205 40
613 158 685 199 1V.
747 158 1108 198 FRAGMENTA
1142 159 1329 199 DUBIA.
1392 159 1649 203 DIOCLES.
1711 161 1884 202 POLIO

825 306 942 372 IV.
1022 296 1447 407 Fragmenta
1500 307 1726 376 dubia.

889 444 892 447 ⁴
1041 448 1129 504 47.
1189 448 1516 522 [Διοκλῆς]

530 554 616 605 καὶ
652 555 800 606 πάλιν
827 555 1043 622 Διοκλῆς
1075 563 1375 628 κατηγορῶν
1402 563 1493 609 τοῦ
1521 558 1689 630 νόμου,
1731 559 1834 611 ἐπεὶ
1859 559 2174 632 ἐθορύβησαν

382 642 520 712 αὐτῷ
560 661 690 705 τινες
728 643 927 710 εἰπόντι,
970 644 1049 696 ὅτι
1087 645 1133 698 οἱ
1166 646 1307 717 νόμοι
1343 648 1549 699 δέονται
1574 648 1725 719 νόμου
1753 654 1845 700 τοῦ
1865 648 2172 720 ,διορθώσον-

379 749 483 796 τος,
519 729 624 784 εκαὶ
662 735 760 804 γὰρ
802 733 848 786 οἱ
887 733 1056 806 ἰχθύες
1096 734 1230 798 ἁλός
1272 732 1415 788 εἶπεν.

1067 861 1154 916 48.
1214 868 1259 919 Π
1275 887 1312 918 ω
1327 869 1362 919 λ
1378 869 1392 919 ί
1406 888 1444 919 ω
1460 887 1485 919 ν

526 965 840 1032 Ἀπανὸίζειν
858 977 868 987 ·
911 968 1120 1020 Πωλίων
1135 964 1176 1034 ¹)
1206 966 1395 1040 εἴρηκεν
1409 978 1420 989 ’
1456 945 1776 1035 (ἀπανθίζειν-
1798 971 2032 1044 ἐπεχείρει
2055 952 2176 1035 ἑοὺς

381 1051 590 1128 Φρύγας
626 1055 919 1129 Ἀχιλλεύςῖ

527 1160 615 1226 49.
669 1171 931 1225 Fortasse
970 1174 1041 1225 ad
1081 1172 1357 1226 orationes
1396 1164 1677 1240 pertinent
1703 1174 1840 1228 haec
1865 1173 2177 1242 fragmenta

380 1258 739 1329 minutissina‚
781 1275 1003 1326 quorum
1045 1265 1370 1329 argumenta
1409 1262 1634 1330 agnosci
1671 1277 1778 1316 non
1816 1266 2068 1333 possunt:

530 1349 748 1402 Oxyrhyn.
783 1351 885 1403 Pap.
919 1351 986 1399 ΙΙΙ,
1026 1359 1134 1403 1903
1177 1366 1219 1405 p.
1255 1353 1426 1404 76—83
1461 1366 1503 1395 n.
1537 1361 1772 1404 435—444
1812 1350 2007 1406 (quorum
2037 1355 2175 1406 recepi

378 1437 419 1464 n.
439 1434 523 1471 442
558 1423 601 1465 h.
623 1424 652 1465 l.
676 1438 717 1466 n.
743 1424 796 1475 38
822 1430 862 1464 et
884 1438 924 1466 n.
944 1435 1028 1476 443
1052 1425 1094 1468 h.
1119 1427 1146 1467 1.
1167 1441 1206 1468 n.
1227 1425 1314 1479 35).
1438 1428 1657 1480 Oxyrhyn.
1675 1427 1776 1480 Pap.
1796 1427 1871 1475 IV,
1895 1437 2006 1477 1904
2029 1440 2068 1479 p.
2095 1436 2173 1478 127

379 1507 523 1548 —132
557 1511 599 1539 n.
623 1499 858 1548 679—684
890 1496 1045 1554 (recepi
1068 1514 1109 1540 n.
1135 1501 1218 1540 682
1242 1502 1282 1542 h.
1296 1501 1323 1543 1.
1338 1514 1378 1542 n.
1395 1500 1482 1554 34).
1605 1502 1696 1541 The
1719 1501 1925 1557 Tebtunis
1947 1501 2103 1554 Papyri
2127 1502 2174 1551 11,

386 1580 494 1622 1907
530 1572 593 1614 ed.
626 1572 683 1626 by
706 1573 897 1613 Grenfell
930 1574 1014 1613 and
1041 1575 1173 1625 Hunt‚
1207 1589 1247 1627 p.
1277 1585 1448 1626 19—20
1470 1589 1510 1616 n.
1536 1576 1737 1626 269—27
1750 1586 1784 1614 1.
1907 1576 1955 1616 E.
1979 1575 2032 1616 O.
2059 1575 2174 1615 Win-

379 1646 511 1695 stedt,
554 1647 646 1687 The
688 1647 881 1688 classical
925 1647 1149 1702 Quarterly
1182 1650 1270 1699 14,
1315 1658 1424 1700 1907
1473 1664 1514 1703 p.
1550 1651 1648 1701 265.
1818 1650 2035 1703 Oxyrhyn.
2071 1649 2174 1702 Pap.

382 1721 452 1770 VI,
493 1721 602 1769 1908
635 1735 676 1774 p.
716 1723 946 1773 173—176
980 1736 1019 1765 n.
1057 1723 1304 1775 865-870.
1474 1724 1710 1776 Catalogue
1743 1724 1792 1762 of
1818 1724 1891 1764 the
1923 1723 2064 1764 Greek
2096 1724 2175 1763 Pa-

382 1795 477 1848 pyri
518 1796 562 1835 in
606 1797 676 1836 the
715 1796 829 1849 John
862 1797 1055 1848 Rylands
1087 1799 1268 1851 Library
1301 1799 1318 1838 I
1357 1799 1421 1840 ed.
1464 1799 1523 1850 by
1563 1800 1615 1840 A.
1650 1799 1691 1839 S.
1725 1799 1863 1848 Hunt‚
1912 1799 2176 1858 Manchester

389 1880 494 1920 1911
532 1884 574 1923 p.
608 1872 783 1923 69—75
820 1886 862 1915 n.
897 1882 1085 1923 30—41.

380 2008 453 2041 aut
486 2002 638 2042 Cecilii
670 2002 879 2057 σύγκρισις
898 2000 1191 2057 Δημοσῦένους
1221 2002 1295 2046 καὶ
1316 1998 1538 2060 Αἰσχίνου).
1592 2006 1738 2057 Itaque
1771 2018 1857 2044 non
1890 2010 1952 2044 est
1984 2004 2175 2054 dubium,

382 2077 484 2128 quin
528 2077 655 2117 etiam
686 2078 885 2118 Isocratis
927 2079 1142 2118 orationes
1174 2079 1277 2132 ipsis
1309 2079 1399 2118 illis
1430 2068 1693 2132 temporibus
1725 2077 2050 2131 diligentissime
2083 2090 2176 2131 per-

382 2150 650 2205 quisiverint„
745 2142 851 2193 47.
882 2153 1086 2206 Johannis
1109 2154 1281 2193 diaconi
1305 2166 1457 2195 comm.
1475 2154 1520 2193 in
1537 2155 1862 2205 Hermogenem,
1887 2151 1981 2194 cod.
1999 2153 2094 2194 Vat.
2113 2165 2175 2204 gr.

383 2225 496 2265 2228
520 2226 548 2268 f.
582 2234 666 2277 427
692 2240 731 2269 v.
855 2227 985 2279 Hugo
1008 2229 1146 2278 Rabe,
1179 2228 1266 2267 Aus
1289 2227 1834 2277 Rhetorenhandschriften,
1870 2227 1949 2268 Rh.
1974 2227 2080 2266 Mus.
2106 2226 2175 2276 63,
2237 2242 2239 2245 ·

388 2300 512 2350 1908,
546 2314 588 2353 p.
617 2309 712 2352 137.
826 2302 954 2358 ¹Idem
985 2300 1269 2354 fragmentum
1302 2302 1470 2355 plenius
1493 2306 1703 2341 servatum
1725 2300 1871 2356 (Arist.
1896 2301 2022 2340 Rhet.
2044 2300 2080 2340 11
2105 2309 2174 2350 23,

387 2375 535 2423 1460a
571 2385 646 2425 10,
691 2375 1021 2430 Baiter-Sauppe
1052 2378 1087 2416 II
1120 2390 1161 2429 p.
1201 2374 1297 2429 153)
1341 2376 1396 2415 ab
1431 2376 1658 2416 Aristotele
1691 2389 1775 2414 non
1808 2374 1952 2415 Diocli
1983 2373 2056 2413 sed
2090 2375 2175 2413 An-

383 2449 519 2488 drocli
551 2449 830 2499 adscribitur;
865 2450 1012 2503 itaque
1036 2451 1256 2491 Aristoteli
1290 2450 1440 2491 confisi
1473 2449 1652 2501 legimus
1673 2446 1748 2491 καὶ
1768 2448 1890 2491 πάλιν
1913 2441 2176 2502 Ἀνδροκλῆς,

382 2535 507 2575 quem
549 2529 759 2564 oratorem
799 2526 852 2566 V.
886 2538 924 2565 a.
958 2525 1055 2567 Chr.
1087 2537 1130 2567 n.
1172 2523 1330 2564 saeculi
1370 2524 1561 2563 exeuntis
1603 2522 1729 2562 fuisse
1768 2524 1894 2563 nobis
1936 2515 2176 2563 notumest

383 2594 454 2651 (cf.
474 2598 519 2639 P.
534 2599 602 2639 W.
621 2598 819 2640 Realene.
840 2600 857 2639 Ι
883 2613 924 2652 p.
945 2599 1058 2648 2148
1078 2612 1109 2641 s,
1130 2613 1168 2641 ν.
1189 2597 1423 2638 Androcles
1439 2594 1496 2650 4).
1546 2597 1742 2637 Ceterum
1767 2598 1848 2636 hoc
1863 2597 2000 2637 facete
2016 2596 2177 2636 dictum

382 2672 425 2710 in
445 2672 640 2712 oratione
658 2674 898 2726 conscripta
913 2687 1113 2726 umquam
1131 2672 1315 2713 extitisse
1332 2684 1420 2711 non
1437 2671 1614 2712 videtur.
1676 2664 1786 2711 48.
1809 2671 1860 2713 R.
1880 2669 2176 2720 Reitzenstein,

384 2747 571 2796 Photios,
605 2761 646 2800 p.
685 2747 780 2799 156,
820 2758 865 2787 11
904 2754 944 2787 et
976 2761 1015 2800 p.
1051 2749 1225 2789 XXVII.
1360 2743 1401 2800 l)
1449 2747 1484 2788 A
1515 2738 1669 2788 πολΐων
1701 2746 1796 2787 cod.
1830 2745 1858 2785 b
1891 2743 2002 2796 (cod.
2036 2744 2175 2786 Berol.

383 2834 443 2872 gr.
477 2827 559 2863 oct.
586 2820 672 2876 22),
706 2823 780 2862 sed
803 2825 839 2862 A
873 2823 1016 2862 littera
1048 2822 1173 2862 rubra
1203 2822 1369 2875 saepius
1392 2833 1610 2873 perperam
1634 2820 1784 2860 addita
1806 2819 2071 2871 neglegenda
2093 2823 2176 2867 est3

382 2897 435 2938 cf.
469 2909 511 2948 p.
549 2905 644 2948 152,
679 2908 704 2947 9
739 2898 773 2940 A
805 2893 970 2951 νομίζει.
1153 2898 1271 2947 Eius,
1317 2896 1387 2949 qui
1419 2895 1636 2944 laudatur,
1671 2908 1827 2934 nomen
1861 2894 2067 2934 incertum
2101 2899 2176 2934 est.

386 2971 556 3011 Asinius
588 2972 728 3011 Pollio
762 2971 823 3024 (P.
849 2973 915 3014 W.
952 2972 1150 3012 Realenc.
1185 2973 1221 3011 II
1253 2985 1293 3024 p.
1323 2968 1451 3023 1595)
1483 2983 1508 3009 a
1540 2969 1670 3009 Suida
1702 2964 1884 3011 Πωλίων
1916 2966 2174 3021 appellatur3

383 3051 600 3097 praeterea
631 3046 784 3086 Suidas
816 3047 1138 3099 grammaticum
1173 3052 1214 3086 et
1244 3045 1545 3098 philosophum
1578 3040 1791 3086 Πωλίωνα
1821 3048 1893 3083 aut
1914 3040 2067 3085 Πύλιον
2099 3054 2175 3081 no-

381 3121 586 3161 minatum
618 3134 727 3163 saec.
762 3122 810 3163 11.
845 3135 885 3174 p.
921 3122 1016 3163 Chr.
1042 3134 1083 3163 n.
1107 3121 1257 3162 adfert.
1320 3121 1633 3171 Fragmentum,
1667 3117 1780 3170 quod
1814 3116 2178 3162 e,declamati0ne

381 3195 566 3247 quadam
609 3202 747 3235 ortum
790 3208 878 3235 esse
917 3201 1041 3248 puto,
1091 3201 1267 3248 propter
1310 3194 1462 3234 florens
1504 3193 1679 3233 dicendi
1713 3204 1845 3245 genus
1879 3190 2060 3231 Asianae
2091 3190 2177 3229 elo-

381 3268 579 3309 buentiae
613 3271 884 3310 tribuendum
919 3283 1007 3310 esse
1038 3269 1269 3310 verisimile
1302 3273 1376 3310 est.
