2254 3548
450 133 518 174 ΙΙΙ.
581 131 911 172 RHETORUM
940 128 1325 171 INCERTORUM
1356 124 1481 180 Λόγοι
1512 121 1714 167 δικανικοί
1931 131 1983 171 23

354 364 460 430 ΙΙΙ.
528 362 916 430 Rhetorum
969 361 1385 428 incertorum
1437 358 1822 447 fragmenta

776 522 835 597 a)
899 519 1073 596 Λόγοι
1118 518 1404 576 δικανικοί.

780 652 869 706 40.
927 653 1086 719 Δίκη
1125 653 1395 718 κλοπῆς.

337 772 806 844 Παρακα<τέ>ὃετό
827 767 868 836 1)
920 790 995 833 τις
1046 772 1174 844 φίλῳ
1213 769 1486 822 τάλαντον.
1562 767 1783 827 Ἐκεῖνος
1821 782 1982 835 παρα-

188 863 453 934 γενόμενος
491 863 577 913 σὺν
618 862 754 931 αὐτῷ
794 861 1078 931 κατώρυξεν
1117 859 1167 911 ἐν
1207 858 1314 929 ἰδίῳ
1354 858 1516 930 χωρίῳ
1555 857 1647 922 τῆν
1685 870 1983 925 παρακατα-

188 950 370 1017 θήκην.
425 948 662 1021 Ὕστερον
701 947 836 1020 εὗρεν
870 948 1095 1000 ἐπελθὼν
1121 948 1211 1000 τὸν
1237 944 1724 1018 παρακαταθέμενον
1752 938 1982 1015 ὑφαιρού-

192 1057 337 1111 μενον
374 1039 436 1091 τὸ
475 1039 749 1091 τάλαντον.
827 1038 1039 1104 Κλοπῆς
1079 1036 1232 1088 αὐτὸν
1270 1036 1434 1107 κρίνει.

341 1127 424 1179 Τὰ
475 1127 562 1199 μὲν
615 1125 757 1179 ἄλλα
806 1127 1064 1199 κεφάλαια
1115 1127 1305 1198 φανερὰ
1355 1124 1442 1176 καὶ
1486 1121 1747 1194 πρόδηλα,
1802 1118 1882 1170 ὅτι
1918 1118 1987 1168 τὰ
2051 1124 2078 1167 5

197 1214 381 1268 ἑαυτοῦ
400 1210 442 1281 ²)
496 1214 707 1288 ἔκλεψε,
759 1215 847 1267 καὶ
898 1214 977 1266 ὅτι
1025 1214 1112 1266 καὶ
1162 1213 1239 1265 ἐπὶ
1275 1220 1377 1264 τῶν
1414 1214 1485 1263 τὰ
1519 1209 1633 1263 ἴδια
1669 1207 1988 1260 κλεπτόντων

197 1303 309 1357 ἐστὶ
345 1306 477 1371 δίκη.
530 1301 684 1356 Ἔστι
709 1304 769 1356 δὲ
793 1305 855 1356 τὸ
882 1294 1432 1374 κατασκευαζό[μενο]ν
1457 1305 1630 1364 τοῦτο,
1673 1297 1751 1350 ὅτι
1775 1297 1863 1348 διὰ
1886 1300 1987 1346 τῶν

198 1391 382 1446 ἑαυτοῦ
427 1395 497 1445 τὰ
535 1392 718 1445 ἐκείνου
759 1389 1013 1444 ἔκλεπτεν.
1089 1390 1228 1443 Ἐπεὶ
1263 1392 1352 1442 διὰ
1388 1390 1455 1454 τί,
1495 1389 1768 1459 δυνάμενος
1814 1383 1988 1455 λαβεῖν

197 1482 287 1535 καὶ
322 1483 612 1553 παραλιπὼν
649 1482 738 1534 τὸν
778 1482 983 1552 νόμιμον
1021 1486 1114 1546 τῆς
1151 1481 1362 1551 κομιδῆς
1381 1474 1422 1543 3)
1462 1478 1663 1548 τρόπον,
1718 1473 1924 1546 ὀφεῖλον
1943 1466 1987 1536 4)

197 1569 537 1642 κομίσασθαι,
585 1571 764 1632 νυκτὸς
802 1569 1045 1641 ἐπήρχετο
1084 1568 1386 1634 λεληθότως
1424 1557 1599 1638 μόνος,
1636 1565 1863 1616 κλέπτων
1902 1561 1990 1613 καὶ
2018 1568 2078 1623 ι10

197 1753 456 1793 quamquam
495 1754 642 1780 omnes
683 1741 727 1779 hi
758 1740 845 1779 loci
876 1740 986 1779 inter
1018 1752 1062 1779 se
1095 1744 1351 1790 congruunt,
1394 1743 1534 1776 tamen
1569 1750 1618 1775 ex
1650 1735 1701 1774 iis
1734 1732 1988 1774 concludere

196 1814 243 1854 id
274 1819 437 1855 tantum
467 1826 702 1867 possumus,
736 1819 998 1866 quantopere
1020 1813 1174 1853 Graeci
1204 1814 1287 1852 hoc
1308 1816 1602 1863 argumentum
1623 1807 1868 1857 amaverint,
1900 1819 1988 1845 non

198 1901 311 1939 vero,
345 1889 517 1940 quando
548 1889 655 1928 haec
687 1889 826 1928 oratio
860 1895 952 1927 orta
983 1887 1049 1930 sit,
1094 1887 1222 1938 Quod
1254 1886 1404 1926 attinet
1433 1885 1489 1924 ad
1519 1895 1754 1923 sermonem
1786 1880 1892 1920 nihil
1923 1880 1986 1919 in·

198 1963 412 2013 venimus,
456 1963 571 2015 quod
611 1962 783 2014 linguae
825 1962 990 2001 Atticae
1019 1966 1224 2013 repugnet
1257 1958 1386 2013 (quod
1418 1964 1566 1998 auctor
1597 1972 1636 1999 v.
1671 1967 1693 2008 3
1729 1963 1770 1995 et
1807 1966 1854 1995 11
1892 1967 1987 1994 cum

197 2037 394 2099 optativo
441 2036 666 2088 potentiali
708 2036 958 2088 particulam
1000 2031 1049 2077 ἂν
1090 2047 1178 2073 non
1221 2033 1460 2083 coniunxit,
1505 2032 1655 2071 mirum
1687 2043 1774 2070 non
1806 2034 1888 2078 est,
1933 2029 1986 2068 cf.

198 2109 533 2150 Kiihner-Gerth
564 2111 600 2149 II
637 2120 654 2148 1
691 2123 731 2162 p.
765 2118 846 2161 225
883 2108 911 2163 ξ
945 2117 1050 2160 395;
1086 2123 1124 2148 v.
1151 2115 1200 2159 51
1235 2108 1414 2147 verbum
1446 2104 1613 2160 ματεύω
1646 2119 1672 2145 a
1693 2104 1836 2158 poetis
1855 2102 1987 2142 modo

197 2180 447 2237 usurpatur).
491 2184 598 2224 Cum
628 2184 768 2223 nullus
800 2184 940 2223 hiatus
972 2188 1176 2232 occurrat,
1210 2188 1305 2234 post
1335 2182 1559 2220 Isocratem
1592 2185 1806 2219 auctorem
1835 2177 1988 2216 vixisse

196 2271 365 2298 necesse
398 2263 471 2301 est.
531 2259 677 2310 Itaque
707 2259 778 2299 IV.
812 2270 921 2299 saec.
954 2257 1147 2296 exeuntis
1177 2241 1384 2306 fueritssi
1417 2261 1528 2294 recte
1558 2253 1749 2303 Mahaffy
1780 2263 1988 2304 papyrum

191 2332 391 2384 scriptam
431 2345 518 2371 esse
560 2337 657 2371 ante
687 2345 842 2370 annum
876 2342 962 2371 220
994 2345 1032 2371 a.
1066 2331 1164 2370 Chr.
1196 2343 1238 2369 n.
1271 2328 1489 2370 iudicavit.
1552 2328 1699 2367 Utrum
1731 2331 1874 2365 orator
1906 2325 1988 2363 hoc

191 2418 319 2446 unum
361 2404 597 2458 exemplum
643 2419 692 2444 ex
735 2407 926 2444 Homero
970 2406 1238 2457 desumptum
1279 2402 1486 2454 singulari
1519 2402 1713 2441 oratione
1747 2399 1990 2440 tractaverit

191 2493 247 2520 an
278 2479 394 2519 velut
426 2479 660 2519 Aeschines
691 2479 772 2521 1.1.
806 2479 1005 2531 ampliori
1038 2478 1222 2518 orationi
1257 2477 1424 2517 cuidam
1455 2476 1597 2515 locum
1628 2475 1755 2514 nobis
1778 2475 1988 2513 servatum

190 2553 413 2593 inseruerit
458 2551 527 2607 (cf.
568 2568 607 2593 v·
650 2554 675 2593 6
724 2556 783 2607 τῷ
833 2554 956 2607 μήκει
1001 2555 1085 2595 τῶν
1123 2549 1295 2605 λόγων),
1347 2549 1578 2589 diiudicare
1626 2561 1711 2587 non
1752 2560 1987 2600 possumus.

190 2620 304 2667 40.
346 2626 449 2667 Brit.
482 2628 590 2668 Mus.
623 2641 721 2679 pap.
756 2629 863 2679 256,
905 2627 969 2669 ed.
1013 2628 1060 2667 F.
1094 2626 1146 2669 G.
1178 2627 1386 2677 Kenyon,
1430 2623 1650 2674 Melanges
1693 2621 1827 2661 Henri
1859 2622 1987 2672 Weil,

192 2699 311 2739 Paris
347 2695 458 2750 1‘898
490 2714 532 2753 p.
567 2711 649 2751 243
663 2701 815 2749 -248.
939 2702 1006 2742 W.
1031 2702 1221 2749 Cr'onert,
1257 2699 1385 2739 Arch.
1418 2698 1448 2736 f.
1481 2697 1583 2748 Pap.
1617 2698 1633 2735 I
1666 2709 1707 2749 p.
1736 2704 1814 2745 117
1850 2709 1891 2736 n.
1916 2703 1985 2745 27.

193 2772 352 2813 Charta
381 2774 411 2814 Ι.
444 2787 486 2827 Ρ.
519 2775 618 2815 Chr.
652 2788 694 2816 n.
728 2788 838 2817 saec.
871 2775 1059 2814 ineuntis
1092 2775 1138 2812 in
1171 2785 1319 2812 aversa
1352 2777 1469 2823 parte
1502 2777 1600 2810 octo
1634 2770 1855 2809 columnas
1888 2781 1987 2808 con-

194 2846 320 2896 tinet,
362 2847 515 2899 quibus
556 2849 683 2888 trium
722 2849 963 2888 orationum
994 2855 1132 2901 partes
1165 2852 1398 2886 servantur.
1461 2845 1605 2894 Duae,
1652 2856 1829 2896 quarum
1862 2855 1987 2895 argu-

193 2927 336 2960 menta
377 2922 591 2961 accusatio
634 2928 675 2961 et
716 2922 910 2962 defensio
949 2919 1082 2972 ξενίας
1113 2927 1230 2970 sunt,
1272 2919 1463 2958 nondum
1495 2917 1639 2957 editae
1671 2923 1791 2967 sunt,
1836 2917 1989 2956 tertiae

194 2993 418 3033 dimidiam
458 2996 544 3034 fere
583 3003 746 3048 partem
777 2996 963 3049 Kenyon
994 2996 1022 3037 l.
1055 2996 1084 3036 l.
1129 2994 1265 3034 edidit
1303 2992 1565 3044 singulorum
1597 3004 1792 3031 versuum
1826 2991 1990 3030 ambitu

193 3081 283 3108 non
315 3067 552 3120 designato.
684 3070 841 3110 Omnia
871 3069 957 3108 fere
988 3068 1202 3122 supplevit
1234 3069 1432 3120 Kenyon.
1557 3062 1601 3119 1)
1640 3065 1912 3118 παρακαῦετο
1944 3076 1988 3116 Ρ,

195 3154 302 3184 corr.
320 3143 430 3184 Ken.
538 3139 583 3195 2)
616 3156 798 3196 εμαυτου
821 3143 990 3193 εκλεψα,
1010 3142 1125 3194 quod
1149 3141 1339 3181 exstabat
1359 3141 1405 3179 in
1427 3153 1469 3193 p,
1488 3145 1635 3192 postea
1657 3144 1890 3179 correctum
1913 3143 1988 3178 est.

196 3212 238 3270 3)
251 3218 406 3269 κλοπ-ης
414 3229 455 3269 p,
468 3216 644 3270 κομιδῆς
653 3228 772 3269 prop.
784 3216 1064 3256 Haussoulier
1071 3215 1186 3267 apud
1198 3216 1305 3255 Ken.
1363 3211 1407 3266 4)
1420 3216 1574 3267 οφιλων
1587 3226 1627 3265 p,
1642 3224 1747 3254 corr.
1761 3212 1987 3254 Wuensch.
