2202 3548
439 1106 545 1146 Cum
593 1110 806 1144 oratorum
855 1111 895 1145 et
936 1106 1150 1144 rhetorum
1183 1105 1442 1146 Graecorum
1484 1105 1721 1158 fragmenta
1751 1119 1886 1159 nuper
1916 1114 2086 1160 reperta

286 1179 372 1219 hoc
427 1180 527 1219 loco
581 1179 751 1218 edenda
808 1185 935 1231 atque
993 1179 1350 1219 adnotationibus
1395 1180 1640 1220 instruenda
1685 1181 1984 1233 suscepissem,
2038 1181 2084 1221 id

288 1253 565 1305 spectandum
595 1254 758 1306 putavi,
791 1267 845 1293 ne
876 1267 902 1293 a
933 1253 1153 1306 proposito
1186 1254 1440 1304 aberrarem,
1475 1255 1591 1307 quod
1622 1254 1893 1294 Lietzmanni
1923 1255 2085 1295 libellis

288 1327 572 1379 consequitur.
634 1329 782 1380 Itaque
822 1333 862 1367 et
893 1329 1131 1379 fragmenta
1162 1328 1342 1380 parvula
1375 1341 1526 1381 easque
1559 1329 1740 1378 chartas,
1775 1341 1884 1381 quae
1915 1329 2085 1369 tradunt

289 1402 530 1440 orationum
576 1401 813 1454 fragmenta
858 1403 987 1442 nobis
1035 1402 1232 1442 codicum
1274 1402 1362 1441 fide
1404 1402 1491 1442 iam
1524 1403 1683 1442 dudum
1715 1408 1837 1452 nota,
1886 1402 2011 1442 omisi
2044 1408 2085 1442 et

288 1475 589 1516 adnotationes
619 1476 836 1527 contraxi,
871 1490 924 1515 ne
958 1489 1066 1528 quae
1097 1489 1122 1515 a
1152 1476 1389 1515 litterarum
1420 1478 1564 1516 studio
1597 1477 1752 1517 deditis
1781 1477 1826 1516 in
1857 1476 2084 1516 seminario

288 1550 472 1589 dicenda
502 1555 619 1601 sunt,
652 1550 825 1589 uberius
857 1551 1103 1602 proferrem.
1168 1549 1295 1600 Quod
1329 1562 1379 1589 eo
1411 1549 1546 1601 magis
1576 1550 1681 1589 mihi
1714 1562 1960 1607 concessum
1993 1563 2084 1590 esse

285 1624 448 1676 putavi,
482 1623 688 1676 quoniam
720 1623 903 1676 plurima
934 1624 1182 1676 cognitione
1215 1624 1350 1676 digna
1381 1624 1618 1664 accuratius
1650 1611 1843 1677 exposita
1865 1625 1910 1664 in
1932 1624 2083 1664 disser-

288 1697 450 1737 tatione
484 1711 509 1736 a
552 1710 618 1736 me
663 1698 857 1737 confecta
894 1698 1208 1747 invenirentur,
1250 1711 1359 1750 quae
1391 1698 1639 1738 inscribitur
1670 1698 2001 1749 „Oratorum
2033 1703 2083 1738 et

287 1772 564 1811 rhetorum
596 1772 933 1811 Graecorum
966 1784 1108 1811 nova
1136 1773 1451 1823 fragmenta
1483 1772 1728 1812 collecta
1759 1773 2082 1812 adnotatio-

287 1845 564 1897 nibusque
596 1845 913 1885 instructa“
947 1843 1138 1899 (Bonnae
1175 1842 1318 1900 1913).

437 1919 600 1959 Puncta
644 1917 673 1969 (.
707 1951 718 1961 .
751 1916 781 1974 .)
823 1932 1043 1959 numerum
1084 1920 1317 1959 litterarum
1360 1920 1674 1973 deperditarum
1711 1919 1926 1969 indicant;
1965 1918 2085 1960 uncis

289 1993 412 2032 rectis
457 1990 503 2047 []
547 1992 822 2033 includuntur
860 1993 1177 2046 supplementa,
1220 1993 1373 2046 quibus
1414 1994 1523 2034 locis
1566 2007 1752 2047 papyrus
1783 1993 1970 2034 lacerata
2000 1999 2084 2042 est;

291 2073 425 2106 certas
468 2073 610 2106 tamen
653 2066 915 2107 coniecturas
946 2067 1064 2107 uncis
1095 2080 1183 2107 non
1214 2068 1465 2119 significavi.
1528 2069 1636 2109 Unci
1669 2068 1834 2120 obliqui
1866 2064 1946 2123 <>
1977 2080 2086 2120 quae

288 2141 525 2191 inserenda,
558 2141 656 2180 unci
690 2141 849 2181 curvati
883 2138 926 2195 ()
961 2154 1070 2193 quae
1102 2141 1285 2181 delenda
1316 2142 1411 2191 sint,
1445 2148 1694 2184 monstrant.
1767 2141 1942 2195 Duplici
1974 2125 2111 2181 unco¹

292 2212 389 2270 [[]]
433 2228 460 2268 p
502 2215 707 2255 delevisse
748 2215 1025 2267 significatur.
1096 2214 1304 2255 Lineolae
1344 2227 1538 2254 versuum
1579 2215 1685 2255 fines
1725 2215 1928 2258 indicant.
1999 2214 2086 2256 Sub

292 2289 433 2329 dubiis
465 2289 613 2329 litteris
645 2295 802 2342 puncta
819 2289 959 2341 posita
981 2294 1090 2332 sunt.
1149 2302 1181 2343 p
1214 2289 1416 2342 scriptum
1449 2295 1510 2328 est
1541 2302 1618 2342 pro
1650 2290 1802 2342 papyri
1834 2289 2024 2331 librario.
