2262 3626
931 146 1257 186 HYPERIDES
1938 159 1987 200 13

204 290 348 343 1894
385 305 436 355 p.
479 288 605 354 1083
659 288 721 342 F.
762 288 824 343 Gr.
864 289 1121 357 Kenyon,
1172 291 1315 358 Hyp.
1357 306 1430 345 or.
1475 293 1616 345 1906
1657 307 1707 345 n.
1750 291 1856 362 76),
1898 292 1990 358 qui

196 378 334 431 haec
371 376 541 431 fuisse
578 377 874 444 Hyperidis
914 379 1086 432 verba
1100 379 1145 449 ⁹)
1186 379 1344 434 dicit:

338 467 394 522 <ὁὶ
419 471 506 541 μὲν
533 472 630 541 γὰρ
661 468 821 532 οῧτος’
846 490 991 544 φησιν
1015 471 1385 543 εεἷσκεκόμικεν,
1416 473 1507 525 οὐκ
1533 471 1633 545 ἔχει
1659 476 1754 535 τὰς
1776 473 1988 539 ἀληθεῖς

198 559 364 621 αἰτίας
399 565 494 624 τῆς
530 559 812 629 προξενίας·
855 560 955 631 ἐγὼ
988 562 1063 626 δέ,
1106 561 1147 612 εἰ
1171 563 1254 613 δεῖ
1274 562 1505 632 πρόξενον
1534 563 1642 633 ὑμῖν
1671 562 1823 614 αὐτὸν
1851 564 1986 633 γενέ-

198 647 337 714 σθαι,
377 647 441 699 δι’
479 647 514 698 ἃ
551 647 735 699 τούτου
776 649 1007 712 τεύξεται
1045 650 1247 721 γράψας
1286 651 1527 723 εἰσφέρω.>
1566 649 1784 703 ’Έπειτα
1802 652 1864 703 τὸ
1893 652 1986 723 ψή-

195 746 355 808 φισμα
383 736 619 808 εἰσφέρει·
656 734 930 809 εΔεδόχθαι
968 738 1081 809 γάρ’
1107 758 1250 811 φησιν
1275 739 1443 791 εαὐτὸν
1472 736 1592 791 εἶναι
1618 740 1867 811 πρόξενον,
1909 739 1988 791 ὅτι

193 827 263 877 τὰ
303 824 529 895 Φιλίππῳ
583 827 901 898 συμφέροντα
950 828 1038 879 καὶ
1087 829 1226 898 λέγει
1271 828 1358 880 καὶ
1403 833 1552 892 ποιεῖ,
1606 828 1685 880 ὅτι
1722 828 1988 899 γενόμενος

195 913 434 986 ἵππαρχος
473 917 590 976 τοὺς
614 914 894 967 Ὀλυνθίων
935 915 1106 978 ἱππέας
1143 914 1401 987 προῦδωκε
1427 916 1672 986 Φιλίππῳ,
1715 916 1794 968 ὅτι
1830 923 1986 968 τοῦτο

193 1003 385 1073 πράξας
430 1001 588 1065 αἴτιος
624 1010 716 1056 τοῦ
756 1004 1060 1056 Χαλκιδέων
1100 1004 1304 1075 ὑπῆρξεν
1346 1003 1590 1075 ὀλέθρου,
1647 1005 1727 1057 ὅτι
1766 1005 1988 1071 ἁλούσης

192 1089 446 1144 Ὀλύνθου
493 1094 708 1164 τιμητὴς
766 1092 966 1163 ἐγένετο
1018 1100 1119 1144 τῶν
1173 1093 1539 1164 αἰχμαλώτων,
1594 1092 1672 1145 ὅτι
1711 1093 1986 1164 ἀντέπραξε

193 1185 260 1253 τῇ
310 1181 453 1233 πόλει
503 1182 609 1252 περὶ
658 1187 749 1234 τοῦ
803 1182 933 1252 ἱεροῦ
984 1189 1074 1234 τοῦ
1122 1180 1346 1247 Δηλίων,
1401 1181 1480 1233 ὅτι
1517 1188 1611 1248 τῆς
1648 1183 1842 1244 πόλεως
1879 1183 1987 1253 περὶ

192 1269 504 1341 Χαιρώνειαν
542 1270 849 1336 ἧττηθείσης
888 1269 1005 1323 οὔτε
1045 1268 1348 1342 ἔθαψετῶν
1379 1270 1674 1322 τεθνεώτων
1701 1273 1839 1332 τινὰς
1869 1269 1986 1323 οὔτε

189 1365 292 1410 τῶν
350 1359 579 1411 ἁλόντων
638 1359 820 1411 οὐδένα
876 1359 1131 1412 &Mam-0?
1217 1357 1312 1411 Διὰ
1367 1359 1564 1411 τούτων
1621 1361 1987 1432 κεφαλαιωδῶς

190 1446 552 1519 ἀναμιμνήσκει
596 1455 698 1500 τῶν
744 1448 857 1520 παρ’
902 1448 1025 1514 ὅλην
1071 1449 1164 1514 τὴν
1209 1450 1521 1519 κατηγορίαν
1568 1448 1832 1520 εἰρημένων
1871 1448 1988 1500 κατ’

192 1537 366 1590 αὐτοῦ.

659 1681 734 1738 ΙΙ.
793 1686 988 1738 Κατὰ
1026 1684 1518 1757 Δημοσθένους.

341 1798 428 1853 24.
455 1802 738 1875 Ἀνανδρος
767 1846 778 1857 .
810 1792 826 1857 .’
854 1846 865 1856 .
892 1804 1174 1874 Ὑπερείδης
1220 1804 1270 1855 ἐν
1316 1811 1389 1873 τῷ
1436 1805 1576 1855 κατὰ
1613 1801 1982 1874 Δημοσθένους.

339 1900 426 1956 25.
464 1906 930 1978 Ἀνοισθησόμεθα“
982 1906 1268 1976 Ὑπερεῶης
1317 1901 1368 1957 ἐν
1414 1913 1489 1975 τῷ
1534 1908 1675 1957 κατὰ
1718 1903 1981 1976 Δημοσθέ-

187 2004 326 2058 νους·
367 1997 438 2047 τὰ
475 1995 692 2067 χρήματ’
729 1994 1122 2066 ἀνοισθησόμεθ’
1160 1994 1228 2056 εἰς
1267 1993 1565 2065 ἀκρόπολινῖ

382 2182 484 2237 ΠΙ.
542 2186 739 2239 Κατὰ
775 2186 1258 2257 Πατροκλέους
1295 2186 1786 2257 προαγωγείας.

336 2295 422 2351 26.
473 2302 810 2366 Ἀδοόλευτος
870 2303 1067 2368 οἰκέτης
1109 2345 1119 2354 .
1165 2345 1175 2354 .
1221 2343 1231 2354 .
1271 2301 1554 2372 Ὑπερείδης
1612 2302 1663 2353 ἐν
1713 2308 1787 2371 τῷ
1840 2302 1979 2353 κατὰ

184 2391 569 2465 Πατροκλέους·
612 2392 935 2444 (ἀδούλευτον
973 2393 1004 2458 ἢ
1045 2391 1300 2464 βάρβαρον
1338 2388 1595 2462 πριάσθω’,
1636 2390 1693 2440 et
1732 2390 1974 2442 ἀδούλευ-

181 2500 273 2543 τος
312 2484 378 2543 ὡς
413 2481 713 2553 Ὑπερείδης.

181 2660 245 2695 ret
276 2668 326 2695 ex
356 2655 592 2706 fragmento
624 2653 799 2706 Apsinis
830 2653 941 2694 infra
971 2653 1117 2695 allato.
1230 2650 1273 2706 9)
1307 2653 1460 2692 Varias
1490 2653 1677 2691 eiusdem
1707 2653 1797 2692 loci
1828 2665 1972 2692 recen-

181 2711 404 2769 sioneseo
437 2733 550 2768 ortas
581 2740 670 2767 esse
700 2728 932 2767 verisimile
965 2733 1039 2777 est,
1075 2728 1189 2779 quod
1221 2733 1396 2779 uterque
1424 2727 1571 2766 rhetor
1592 2726 1714 2766 aliter
1735 2726 1972 2779 Hyperidis

179 2804 311 2844 verba
349 2802 565 2854 excerpsit.
630 2801 713 2842 Sed
745 2801 870 2841 nimis
902 2803 1012 2841 inter
1040 2815 1085 2840 se
1119 2802 1319 2840 differunt
1349 2802 1427 2840 hae
1461 2800 1746 2850 recensiones,
1791 2812 1916 2852 quam
1949 2812 1972 2838 e

180 2877 333 2929 quibus
362 2876 526 2916 sincera
558 2875 789 2927 Hyperidis
820 2876 952 2915 verba
986 2876 1082 2915 elici
1114 2876 1293 2928 possint.
1436 2866 1542 2915 24·
1585 2875 1637 2913 R.
1671 2874 1967 2923 Reitzenstein,

179 2950 353 2990 Photios
384 2963 425 3002 p.
464 2951 558 3000 116,
583 2960 652 2998 24.
804 2945 907 2991 25.
959 2950 1095 2991 Reitz.
1128 2949 1156 2990 1.
1190 2949 1219 2989 1.
1253 2962 1291 3001 p.
1330 2959 1424 2999 143,
1461 2959 1536 2997 143
1579 2949 1684 2988 haec
1721 2948 1850 2987 verba
1881 2960 1969 2987 esse

177 3024 373 3065 videntur
413 3024 581 3073 eadem,
625 3035 732 3075 quae
773 3037 799 3062 a
839 3023 979 3062 rotulo
1012 3035 1250 3076 papyraceo
1272 3022 1527 3062 ‘Ardeniano
1570 3020 1694 3075 (Mus.
1727 3021 1830 3062 Brit.
1864 3021 1982 3073 Pap.·

181 3097 262 3138 108
296 3103 337 3137 et
372 3105 467 3149 115,
501 3098 553 3139 cf.
586 3096 726 3146 Blass,
762 3097 877 3149 Hyp.
911 3109 970 3139 or.
994 3110 1036 3149 p.
1062 3096 1102 3148 7)
1136 3096 1217 3136 col.
1251 3106 1276 3146 9
1309 3098 1390 3136 hoc
1421 3096 1550 3136 modo
1582 3101 1693 3135 recte
1724 3095 1965 3135 traduntur:

173 3172 227 3214 τὰ
258 3168 455 3227 χρήματα
484 3172 538 3213 τὰ
570 3169 906 3225 ἀνοισθησόμενα
936 3167 993 3222 εἷς
1023 3170 1097 3227 τὴν
1131 3170 1362 3227 ἀκρόπολιν.
1543 3165 1647 3212 26.
1699 3171 1835 3211 Reitz.
1868 3170 1897 3212 1.
1934 3169 1964 3210 l.

174 3259 218 3299 p.
258 3256 326 3297 33,
368 3256 392 3284 2
433 3251 474 3286 et
512 3254 551 3299 5.
619 3246 769 3286 Oratio
810 3259 985 3287 numero
1026 3248 1253 3299 insignitur
1284 3246 1396 3299 apud
1433 3246 1641 3287 Blassium
1673 3245 1800 3295 XLII,
1849 3245 1963 3298 apud
