2254 3548
292 141 346 180 26
746 141 814 180 111.
878 139 1210 179 RHETORUM
1239 128 1625 180 INCERTORUM

507 287 594 342 41.
653 285 728 339 In
766 284 1221 353 praefectum
1260 287 1584 365 navalem
1625 286 1880 341 oratio,

439 405 547 460 Col.
575 405 616 457 I.
687 408 731 457 1.
766 404 902 456 med.
941 424 1128 482 τείσας,
1171 406 1310 458 extr.
1347 415 1450 460 τῶν
1488 411 1687 461 πώποτε
1857 407 1905 459 2.
1943 407 2080 462 med.

288 517 429 563 τους,
472 498 609 547 extr.
650 495 1004 566 ἀνδραγαθίας
1042 497 1130 549 καὶ
1166 503 1260 572 τῆς
1431 495 1478 547 3.
1518 495 1654 547 med.
1694 499 1902 569 νῧυσμε,
1943 500 2082 548 extr.

289 607 357 649 ως
395 587 483 638 καὶ
519 592 599 638 νῦν
640 584 760 647 ᾀπεν
932 583 979 633 4.
1007 581 1142 634 med.
1181 605 1206 637 ν
1234 586 1396 648 οὐδεὶς
1421 588 1531 652 τὰς,
1574 586 1710 636 extr.
1751 605 1809 653 ην
1835 588 1897 639 τὸ
1925 586 2082 639 ἀίδιον

288 676 375 736 ἐχιφ
586 673 632 723 5.
698 671 834 724 med.
881 675 998 739 ου’δ,
1042 674 1178 724 extr.
1219 675 1490 727 κλέπτουσι
1529 675 1623 727 ἐτα
1830 672 1878 724 6.
1945 676 2082 724 extr.

289 765 391 825 ιῧες
438 763 603 815 αὐτῶν
648 764 735 815 καὶ
779 764 837 815 ἐκ
1009 761 1054 812 7.
1084 763 1221 812 extr.
1261 770 1354 838 τῆς
1380 764 1700 831 ἐνεστηκυίας
1872 760 1920 813 8.
1946 760 2081 814 med.

289 871 387 918 νον,
429 851 567 902 extr.
604 871 663 912 ᾳν
690 855 891 924 γνώμην
918 849 1045 924 εἶχες
1196 850 1243 901 9.
1283 850 1418 902 med.
1445 871 1542 918 νον,
1585 853 1722 902 extr.
1749 858 1840 905 τοῦ
1874 852 2083 905 θάπτειν

288 944 408 1004 τοὺς
551 977 557 983 -
613 936 866 990 lO.>init.
927 935 1192 1012 [νεκροὺς],
1247 940 1385 990 extr.
1442 944 1562 1004 τοὺς
1611 936 1842 1014 φ[ι]λίους
1892 941 1973 1005 ἀξι
2012 982 2023 994 .
2068 982 2079 993 .

294 1027 377 1080 11.
404 1026 538 1080 med..
578 1031 761 1095 καίτοι,
802 1028 939 1079 extr.
981 1029 1233 1101 ἀπολογία
1271 1049 1363 1101 προ
1393 1069 1404 1080 .
1432 1069 1443 1080 .
1470 1067 1481 1079 .
1657 1027 1739 1080 12.
1767 1031 1904 1080 extr.
1944 1048 2082 1096 ιανην

294 1116 377 1168 13.
418 1119 555 1169 extr.
610 1120 635 1171 ὁ
676 1113 933 1191 συ[νε]χὼς
971 1113 1218 1185 &death-ew]
1394 1117 1476 1168 14.
1517 1118 1656 1169 extr.
1709 1138 1798 1191 μαι
1825 1157 1836 1168 .
1863 1156 1875 1168 .
1904 1136 1920 1170 ι
1945 1157 1956 1168 .
1985 1157 1996 1168 .
2026 1138 2080 1170 α·

287 1228 323 1260 π
349 1247 557 1257 ......
587 1228 602 1260 ι
654 1210 844 1281 μακρὸν
897 1210 1115 1280 στράτευ
1328 1205 1411 1257 15.
1464 1207 1601 1257 extr.
1653 1206 1976 1279 νομισθεῖσαν
2015 1207 2083 1270 εἰς

287 1299 380 1363 τὴν
431 1303 600 1369 πεῖραν
783 1295 862 1346 16.
917 1297 1053 1347 extr.
1109 1317 1192 1349 ιων
1243 1317 1305 1368 γυ
1342 1335 1542 1347 .....
1576 1298 1987 1373 λιπαρήσαντες.
2023 1334 2034 1346 .
2070 1334 2082 1346 .

293 1384 374 1436 17.
428 1386 566 1436 extr.
623 1406 725 1459 χειν
781 1387 1131 1448 κατασταθεὶς
1189 1386 1307 1439 οὐδὲ
1366 1383 1434 1449 εἷς
1492 1382 1620 1458 ᾤετο
1803 1384 1885 1436 18.
1943 1385 2081 1435 extr.

288 1495 388 1549 φας
444 1482 646 1546 σαυτῷ,
711 1475 968 1547 ἐπειδήπερ
1026 1482 1120 1542 τῆς
1170 1476 1364 1538 πόλεως
1610 1473 1693 1525 19.
1758 1475 1896 1525 extr.
1951 1482 2079 1547 πρῶ-

287 1606 331 1645 in
363 1619 468 1658 agro
501 1605 627 1645 amici
658 1607 691 1644 B
724 1606 931 1645 talentum
963 1606 1231 1659 deposuerat,
1265 1619 1290 1644 a
1321 1607 1354 1645 B
1387 1611 1618 1655 accusatur,
1652 1606 1767 1658 quod
1790 1610 1914 1645 nocte
1935 1605 2080 1644 furtim

289 1681 516 1733 pecuniam
555 1680 742 1719 effodere
783 1685 959 1720 conatus
991 1680 1056 1722 sit.
1121 1681 1218 1719 Hoc
1249 1680 1334 1719 sibi
1367 1680 1577 1719 orationis
1609 1685 1756 1720 auctor
1787 1684 2077 1732 proposuerat,

288 1760 333 1794 ut
365 1767 621 1806 quamquam
653 1754 795 1793 nullus
826 1754 971 1793 aderat
999 1755 1120 1794 testis
1142 1754 1464 1802 demonstraret,
1498 1754 1542 1792 in
1565 1754 1691 1807 culpa
1713 1766 1803 1793 esse
1825 1758 2079 1794 accusatum.

287 1829 419 1870 Cuius
461 1829 629 1880 generis
671 1828 907 1878 orationes,
953 1841 1061 1880 quae
1099 1828 1212 1880 apud
1255 1828 1441 1868 Graecos
1481 1825 1593 1881 λὸγοι
1625 1826 1854 1882 ἀμάρτυροι
1884 1827 2078 1866 nomina·

286 1904 459 1954 bantur,
501 1904 557 1943 ab
600 1903 904 1955 antiquissimis
947 1902 1209 1955 temporibus
1251 1902 1397 1954 magni
1429 1902 1671 1942 aestimatas
1703 1915 1793 1941 esse
1825 1901 2079 1958 concludere

286 1990 507 2031 possumus
540 1991 592 2017 ex
623 1978 797 2029 Antiph.
822 1978 861 2016 V
895 1974 1003 2030 (περὶ
1033 1979 1107 2019 τοῦ
1139 1970 1335 2030 εΗρῴδου
1369 1973 1511 2030 φονου)
1553 1982 1594 2015 et
1626 1990 1676 2016 ex
1706 1977 1831 2018 Isocr.
1863 1972 1965 2029 πρὸς
1999 1973 2080 2017 Εὐ-

287 2051 438 2094 ὓύνουν
478 2049 548 2105 (cf.
591 2051 946 2091 Christ-Schmidt
988 2051 1062 2092 Gr.
1107 2051 1252 2092 Litter.
1286 2047 1334 2090 1⁶
1380 2061 1489 2101 1912
1533 2064 1575 2102 p.
1611 2059 1695 2102 570
1736 2051 1837 2092 adn.
1871 2047 1927 2104 2).
1990 2049 2078 2101 Qui

286 2131 473 2176 accusat,
507 2125 636 2165 modo
668 2125 792 2164 tertia
823 2137 1005 2177 persona
1037 2125 1179 2174 utitur,
1213 2126 1342 2164 modo
1375 2126 1511 2178 prima
1534 2139 1714 2178 persona
1735 2124 1875 2165 dicere
1898 2124 2078 2166 videtur.

287 2200 415 2252 Quod
446 2201 604 2240 factum
637 2212 725 2238 esse
758 2212 834 2251 per
865 2212 1048 2238 errorem
1070 2199 1256 2252 Kenyon
1288 2205 1421 2251 putat.
1465 2200 1549 2240 Sed
1583 2213 1678 2239 mea
1709 2199 1919 2238 sententia
1938 2200 2080 2238 rhetor

285 2274 489 2326 loquitur,
524 2274 596 2325 qni
630 2279 859 2326 praecepta
891 2273 978 2323 dat,
1013 2273 1230 2325 quomodo
1263 2274 1399 2313 oratio
1431 2274 1690 2313 instituenda
1721 2274 1789 2314 sit.
1831 2271 1921 2326 ,(cf.
1956 2286 1998 2325 p.
2022 2273 2079 2312 60

286 2362 325 2390 V.
362 2357 384 2398 7
427 2345 474 2390 τὸ
515 2345 953 2402 κατασκευαζόμενον,
1003 2360 1044 2399 p.
1078 2347 1135 2387 60
1167 2360 1206 2389 v,
1242 2347 1296 2387 28
1315 2360 1376 2400 sq.
1411 2343 1568 2396 εὐθέως
1597 2347 1725 2401 γοῦν).
1789 2347 1875 2387 Sed
1906 2347 1951 2386 in
1982 2347 2079 2387 reli·

285 2422 398 2474 quis,
448 2423 525 2461 ubi
559 2422 777 2476 ,orationis
819 2427 957 2475 partes
1003 2420 1174 2473 plenius
1221 2421 1418 2474 exponit,
1467 2435 1511 2461 se
1557 2422 1697 2474 ipsum
1745 2421 1876 2461 verba
1920 2421 2079 2462 facien-

285 2502 371 2535 tem
417 2497 553 2548 fingit.
627 2497 810 2550 Kenyon
868 2496 978 2536 circa
1022 2495 1237 2536 Christum
1294 2502 1441 2535 natum
1499 2495 1782 2548 compositam
1830 2508 1921 2535 esse
1967 2495 2080 2535 hanc

285 2570 521 2610 orationem
551 2577 665 2610 recte
697 2570 891 2610 statuisse
922 2570 1105 2612 videtur.
1225 2564 1322 2610 41.
1363 2570 1551 2623 Papyrus
1583 2569 1715 2621 Dugit
1746 2570 1813 2610 ed.
1847 2569 1893 2611 E.
1924 2569 2078 2621 Egger,

286 2646 432 2685 Revue
477 2645 822 2696 Archeologique
868 2645 922 2686 N.
966 2643 1007 2685 S.
1048 2644 1103 2683 ΙΙΙ
1150 2644 1234 2685 vol.
1268 2654 1308 2694 4,
1348 2643 1457 2684 1862
1492 2657 1532 2696 p.
1573 2652 1816 2695 139—152.
1949 2643 2079 2693 Idem,

284 2719 511 2759 Memoires
563 2718 780 2759 d’histoire
832 2718 1039 2758 ancienne
1090 2723 1131 2758 et
1183 2718 1235 2757 de
1286 2717 1525 2770 philologie
1581 2717 1689 2768 1863
1745 2731 1786 2769 p.
1834 2718 2079 2769 175—196.

286 2793 334 2834 C.
359 2793 609 2842 Haeberlin,
632 2793 919 2832 Centralblatt
939 2793 969 2834 f.
993 2790 1198 2832 Biblioth.
1222 2791 1336 2841 XIV,
1365 2791 1473 2842 1897
1499 2805 1540 2844 p.
1565 2802 1648 2843 343
1673 2805 1716 2832 n.
1739 2799 1810 2839 99.
1917 2792 2078 2832 Decem

284 2868 523 2919 fragmenta
554 2867 721 2906 chartae
754 2867 783 2908 Ι.
818 2880 858 2919 p.
883 2866 982 2908 Chr.
1015 2880 1056 2907 n.
1078 2865 1251 2907 saeculi.
1314 2865 1477 2904 Thebis
1508 2866 1817 2918 Aegyptiorum
1850 2878 1876 2904 a
1895 2865 2078 2916 Dugitio

285 2954 398 2981 anno
451 2941 558 2981 1861
609 2940 785 2980 inventa
829 2941 1097 2992 Parisiosque
1142 2939 1361 2979 translata.
1442 2941 1565 2978 Duae
1608 2940 1852 2990 columnae,
1902 2951 2079 2991 quarum

285 3015 400 3067 prior
447 3014 500 3056 28
548 3027 693 3054 versus
740 3014 920 3067 pessime
964 3013 1157 3062 habitos,
1206 3013 1341 3053 altera
1385 3023 1442 3061 44
1481 3026 1622 3052 versus
1659 3013 1932 3064 neglegenter
1977 3012 2076 3052 scri·

285 3094 380 3138 ptos
417 3089 621 3137 continet,
654 3088 798 3140 aliqua
830 3102 881 3127 ex
913 3094 1035 3141 parte
1065 3088 1122 3127 ab
1156 3087 1327 3139 Eggero
1359 3087 1574 3126 restitutae
1605 3093 1714 3128 sunt.
1897 3087 1927 3128 Ι.
1976 3082 2077 3126 Ver·

284 3174 377 3211 sus,
433 3162 505 3213 qui
561 3161 736 3212 70—80
787 3162 948 3202 litteras
1003 3161 1299 3212 continebant,
1362 3161 1442 3200 toti
1503 3160 1692 3212 suppleri
1747 3173 1836 3209 non
1887 3166 2076 3213 possunt.

285 3233 407 3285 Quae
456 3235 597 3288 Egger
648 3236 894 3288 proposuit,
955 3236 1109 3288 recepi.
1323 3231 1378 3275 10
1439 3248 1596 3288 φιγιους
1647 3248 1697 3286 p,
1759 3247 1866 3276 corr.
1926 3234 2075 3286 Egger.
