2262 3626
448 165 769 208 LYcURGUS.
832 164 1182 206 DINARCHUS.
1244 163 1596 204 ARISTOGITO
1870 175 1886 203 1
1898 140 1923 216 5*

125 315 275 380 θένης
326 314 583 378 διέξεισιν,
629 309 905 378 Ἀθηναῖος
958 311 983 363 ὃ
1031 312 1275 373 Χαλκοῦς
1310 304 1316 378 Ι
1350 311 1653 382 λεγόμενος,
1706 311 1815 382 περὶ
1862 309 1918 363 οὗ

127 401 278 455 ἄλλοι
327 421 387 454 τε
435 402 524 454 καὶ
561 392 843 472 ΔείναρΙΙχος
896 401 948 451 ἐν
997 405 1064 472 τῇ
1103 398 1319 471 Δοκίμου
1368 399 1621 471 ἀπολογία
1670 400 1784 470 ὑπὲρ
1826 407 1916 451 τοῦ
1951 413 2007 456 55

126 484 283 559 ἵπΙπου
324 491 469 563 φησὶν
510 489 695 551 οὕτως·
747 488 864 540 εἐπεὶ
900 488 947 540 δ’
987 488 1060 540 ὑπ’
1096 488 1493 560 Ἀριστομήδους
1531 494 1622 539 τοῦ
1659 483 1664 551 Ι
1700 488 1917 539 Χαλκοῦ

126 580 213 632 καὶ
237 580 624 650 Χαιρεστράτου
663 584 755 630 τοῦ
796 576 979 629 ἑαυτοῦ
1013 576 1150 629 θείου
1187 570 1193 644 Ι
1228 576 1458 648 προήχθη
1489 576 1544 628 οὐ
1570 577 1745 628 δίκαια
1770 583 1919 628 ποιῶν

129 669 362 739 ἐγκαλεῖν
414 667 539 739 ἐμοί,
591 659 597 733 Ι
651 672 930 731 τηνικαῦτα
982 667 1042 718 δὲ
1094 660 1225 731 (καὶ)
1278 673 1351 735 τῷ
1406 666 1493 737 μὲν
1543 666 1687 731 δίκην
1739 663 1920 737 ἔρημον

129 749 477 828 ἀπεΙΙγράψατο
517 754 790 826 κατ”ἐμοῦ
831 754 1212 826 ἀποδημοῦντος
1250 755 1337 806 καὶ
1373 753 1519 806 ταῦτ’
1543 754 1593 806 ἐν
1623 751 1916 826 Θετταλία’.
1951 759 2009 803 60

128 1010 204 1076 Π.
295 1008 669 1075 Oratorum
732 1007 798 1074 in
871 1029 1205 1073 canonem
1274 1028 1413 1073 non
1482 1017 1920 1096 receptorum

827 1111 1227 1201 fragmenta.

753 1256 802 1314 1.
865 1255 1291 1336 Ἀριστογείτων

281 1370 368 1425 32.
427 1374 623 1426 Κατὰ
660 1374 1058 1445 Ὑπερείδου.

278 1461 665 1534 Ἀριστογείτων
705 1463 755 1515 ἐν
793 1470 867 1533 τῷ
906 1465 1045 1516 κατὰ
1070 1463 1351 1534 Ὑπερείδου
1370 1457 1410 1528 1)
1449 1463 1590 1534 λόγῳ
1620 1463 1751 1516 οὕτω
1780 1464 1920 1536 φησί·

130 1551 266 1622 εΠερὶ
304 1552 391 1623 μὲν
432 1549 515 1603 οὖν
553 1557 645 1603 τοῦ
684 1553 973 1624 παρανόμου
1015 1551 1163 1603 ἱκανὰ
1201 1553 1287 1603 καὶ
1304 1549 1343 1617 2)
1382 1553 1452 1603 τὰ
1491 1552 1724 1623 εἰρημένα
1763 1552 1813 1604 ἐν
1851 1559 1925 1622 τῷ

131 1640 367 1711 παρόντι,
425 1640 484 1692 ἂν
503 1638 545 1707 3)
600 1642 666 1712 μή
719 1660 768 1692 τι
824 1641 1030 1712 ὕστερον
1077 1640 1415 1712 ἀναμνησθῶ’.
1494 1638 1627 1693 Εἶτα
1676 1638 1782 1712 μετ’
1823 1640 1925 1693 ὀλί-

133 1774 382 1819 commenta,
405 1769 577 1822 Lipsiae
604 1779 714 1819 1904
737 1784 778 1823 p.
803 1781 991 1812 21—22.
1015 1771 1232 1809 Praeterea
1256 1771 1307 1810 cf.
1326 1783 1453 1823 supra
1473 1771 1523 1812 fr.
1544 1767 1613 1812 19.
1732 1766 1792 1814 ,57
1827 1784 1924 1812 σαυ-

130 1857 205 1886 του
236 1857 288 1897 p,
322 1856 428 1885 corr.
461 1844 596 1886 Diels.
757 1842 813 1884 58
859 1845 1075 1899 προηχῦης
1106 1857 1156 1896 p,
1190 1857 1296 1884 corr.
1330 1845 1456 1886 idem.
1609 1841 1666 1884 59
1713 1841 1786 1886 καὶ
1817 1844 1928 1884 delet

132 1917 276 1967 Blass,
324 1919 384 1972 τῷ
434 1915 509 1970 μὲν
556 1924 666 1958 recte
698 1918 1035 1958 Chaerestratum
1076 1918 1341 1969 intellegens.
1374 1940 1431 1947 —
1463 1919 1510 1957 In
1542 1918 1744 1971 Dionysii
1784 1919 1926 1958 indice

135 1992 375 2031 orationum
420 1992 643 2032 Dinarcho
700 1993 949 2032 tributarum
1006 1992 1189 2031 similem
1245 1992 1483 2031 invenimus
1530 1992 1700 2032 titulum
1749 1991 1798 2044 (B
1819 1993 1846 2033 S
1893 1993 1929 2031 II

135 2079 177 2117 p.
227 2066 375 2116 324b,
425 2065 640 2119 24—26):
688 2064 783 2120 περὶ
828 2069 901 2109 τοῦ
943 2060 1096 2117 ἵππου,
1143 2079 1228 2118 qua
1276 2079 1326 2105 ex
1374 2066 1568 2105 oratione
1617 2067 1702 2105 duo
1745 2066 1929 2106 servavit

134 2141 375 2192 fragmenta
420 2140 704 2192 Harpocratio
754 2138 801 2194 (s.
851 2138 1065 2194 ἀποβάτης
1111 2146 1154 2179 et
1201 2135 1352 2195 ὂχεῒον,
1402 2141 1453 2180 cf.
1501 2140 1581 2180 BS
1628 2141 1663 2179 II
1710 2154 1751 2192 p.
1802 2140 1928 2190 337b

137 2228 179 2254 n.
211 2212 381 2268 LXIV).
445 2215 572 2266 Apud
615 2215 1007 2267 Harpocrationem
1050 2214 1187 2253 oratio
1229 2214 1498 2255 inscribitur:
1546 2211 1646 2267 πρὸς
1674 2207 1928 2268 Ἀντιφάνην

134 2285 228 2340 περὶ
272 2290 346 2329 τοῦ
379 2281 521 2330 ἵππου.
586 2288 769 2328 Blassius
809 2296 922 2328 recte
965 2301 1058 2327 mea
1100 2288 1272 2339 quidem
1314 2289 1525 2328 sententia
1556 2294 1675 2341 putat
1723 2287 1864 2342 (Arch.
1898 2290 1927 2328 f.

137 2361 242 2414 Pap.
275 2363 329 2401 III
360 2375 403 2414 p,
436 2360 538 2415 291)
572 2376 598 2401 a
618 2362 809 2414 Didymo
842 2363 1018 2401 alteram
1051 2363 1240 2402 eiusdem
1273 2362 1387 2402 tituli
1419 2369 1583 2415 partem
1616 2362 1739 2404 tradi.
1783 2364 1930 2414 Itaque

139 2435 368 2485 orationis,
417 2448 527 2488 quae
574 2436 907 2476 inscribebatur:
955 2434 1055 2489 ὑπὲρ
1087 2433 1265 2488 Δοκίμου
1305 2433 1407 2489 πρὸς
1433 2430 1689 2491 Ἀντιφάνην
1730 2433 1931 2490 ἀπολογία

139 2507 233 2562 περὶ
281 2511 356 2551 τοῦ
383 2503 541 2562 Δἵππου,
590 2523 669 2549 nos
710 2522 822 2549 nunc
863 2510 1031 2550 tertium
1073 2511 1355 2561 fragmentum
1397 2516 1540 2550 tenere
1581 2510 1813 2550 verisimile
1855 2518 1929 2550 est.

140 2575 242 2625 32.
288 2584 494 2636 Johannis
542 2584 712 2624 diaconi
760 2596 912 2625 comm.
960 2585 1005 2623 in
1047 2585 1383 2635 Hermogenem,
1433 2585 1528 2626 cod.
1572 2586 1670 2626 Vat.
1713 2598 1774 2635 gr.
1816 2585 1930 2624 2228

140 2656 169 2696 f.
193 2664 279 2708 459
291 2670 323 2699 r.
436 2659 566 2710 Hugo
589 2658 726 2707 Rabe,
757 2659 844 2698 Aus
866 2658 1399 2698 Rhetorenhandschriften
1422 2659 1451 2708 I,
1475 2659 1556 2700 Rh.
1579 2660 1687 2700 Mus.
1712 2660 1781 2709 63,
1820 2658 1931 2708 1908

142 2743 183 2782 p.
211 2733 455 2780 139—-140,
498 2733 637 2772 Huius
659 2732 883 2783 fragmenti
905 2732 1073 2772 initium
1094 2732 1179 2771 iam
1204 2732 1376 2771 extabat
1392 2732 1436 2771 in
1455 2732 1768 2772 commentariis
1786 2745 1811 2772 a
1829 2732 1932 2772 Gre-

145 2804 266 2855 gorio
290 2805 512 2846 Corinthio
534 2806 579 2846 in
601 2807 912 2858 Hermogenem
934 2806 1113 2859 scriptis,
1138 2807 1190 2847 cf.
1211 2807 1308 2847 Chr.
1328 2806 1462 2856 Walz,
1486 2806 1611 2847 Rhet.
1635 2806 1773 2857 graeci
1790 2807 1878 2858 VII,
1901 2808 1936 2847 ΙΙ

145 2889 187 2929 p.
215 2886 340 2928 1272,
369 2878 552 2921 18—26.
608 2881 713 2921 Cum
747 2881 909 2930 Rabeo,
944 2893 1047 2931 quas
1079 2879 1283 2919 lectiones
1316 2880 1509 2932 proprias
1533 2880 1763 2931 Gregorius
1794 2880 1935 2930 habet,

142 2950 283 2991 littera
305 2951 345 2992 G
367 2953 558 3005 designo,
587 2954 783 2995 Vaticani
806 2967 865 3006 gr.
891 2954 1004 2994 2228
1027 2954 1230 2994 lectiones
1252 2954 1390 2994 littera
1412 2955 1464 2995 V.
1509 2954 1707 3005 Gregorii
1730 2954 1935 3003 codicem,

145 3025 248 3076 quia
281 3024 524 3076 diligentius
556 3028 734 3080 scriptus
767 3033 828 3068 est
861 3040 989 3080 quam
1015 3028 1066 3078 V,
1099 3034 1264 3067 secutus
1286 3040 1389 3068 sum.
1516 3025 1556 3081 l)
1590 3021 1797 3081 Ὑπερίδου
1821 3028 1936 3068 GV:

146 3091 375 3151 Ὑπερείδου
408 3100 568 3152 scripsi,
602 3102 655 3143 cf.
689 3102 757 3142 Fr.
790 3101 922 3153 Blass,
956 3102 1119 3156 Hyper.
1153 3115 1212 3143 or.
1237 3101 1355 3153 Lips.
1386 3101 1495 3152 1894
1527 3115 1568 3154 p.
1592 3101 1690 3140 XIL
1722 3101 1820 3143 adn.
1843 3098 1872 3154 ἓ
1900 3112 1937 3142 1.

146 3167 189 3225 2)
241 3170 314 3215 καὶ
352 3186 435 3215 om.
480 3174 532 3216 V.
743 3172 786 3229 3)
841 3168 875 3217 εἰ
924 3171 980 3229 μὴ
1012 3177 1071 3215 V:
1124 3171 1174 3217 ἂν
1222 3171 1279 3229 μὴ
1328 3175 1390 3226 G,
1416 3175 1550 3227 quod
1581 3175 1794 3227 praefero,
1840 3176 1940 3227 quia

148 3246 260 3297 apud
285 3246 448 3287 Atticos
480 3261 566 3287 non
598 3248 678 3288 nisi
711 3249 920 3288 rarissime
952 3243 987 3291 εἰ
1025 3261 1118 3288 cum
1141 3249 1412 3289 coniunctivo
1435 3249 1705 3301 coniungitur
1727 3247 1939 3302 (Kiihner-
