2262 3626
317 107 368 146 16
725 107 774 148 ΙΙ.
839 106 1152 147 ORATORES
1184 106 1383 145 EXTRA
1417 106 1702 146 CANONEM

309 273 382 326 γα
394 253 437 317 4)
469 257 628 325 ὥσπερ
655 254 991 326 ἀναμνησθεὶς
1020 255 1168 306 πάλιν
1190 254 1335 326 φησίν
1352 261 1362 272 ”
1393 253 1476 306 Ὁὶ
1494 255 1593 325 γὰρ
1617 253 2020 326 ἐπιβουλεύοντες
2038 260 2105 330 τῇ

308 344 629 415 δημοκρατία
655 344 864 414 ἡσυχίας
905 344 992 414 μὲν
1033 341 1184 408 οὔσης
1222 343 1360 393 κατὰ
1400 343 1491 408 τὴν
1530 343 1673 394 πόλιν
1711 343 1798 394 καὶ
1821 350 1913 396 τοῦ
1939 345 2104 416 δήμου

310 431 574 503 ἀθορύβως
612 432 698 483 καὶ
736 431 981 504 ἀσφαλῶς
1006 432 1391 502 πολιτευομένου
1413 425 1455 496 ⁵)
1484 430 1862 502 ἀναγκάζονται
1887 433 2043 504 μηδὲν
2060 427 2104 498 6)
2172 440 2178 445 ’

307 525 607 590 παρακινεῖν,
649 519 766 572 ἀλλ’
803 519 1166 572 ἐπακολουθεῖν
1203 524 1310 581 τοῖς
1348 519 1518 589 νόμοις
1539 515 1597 586 ⁷),
1638 519 1688 571 ἐν
1713 521 1774 572 δὲ
1799 527 1872 591 τῷ
1899 522 2103 593 πολέμῳ

310 608 492 679 ῥαδίως
529 609 725 670 πολλὰς
762 610 1032 681 προφάσεις
1070 608 1157 660 καὶ
1194 607 1496 682 παραδύσεις
1514 602 1556 673 ⁸)
1582 610 1876 679 εὑρίσκουσι,
1918 609 2103 682 φόβους

308 697 606 759 ἐπισείοντες
655 702 762 759 τοῖς
814 696 1094 767 ἀνθρώποις
1144 696 1231 748 καὶ
1276 697 1543 767 λέγοντες,
1599 700 1666 759 ὡς
1713 697 1804 750 οὐκ
1842 698 2103 770 ἐνδέχεται

306 785 562 856 σῴζεσθαι
599 787 668 837 τὰ
705 791 798 852 τῆς
836 786 1031 847 πόλεως
1068 787 1364 856 πράγματα,
1407 785 1494 837 ἐάν
1520 805 1597 848 τις
1622 787 1786 860 πάντη
1812 788 1926 839 λίαν
1953 787 2100 839 εὐλα-

306 874 407 946 βῶς
444 876 531 927 καὶ
571 874 790 945 ὀκνηρῶς
827 875 1000 947 γράφῃ
1039 873 1345 947 φοβούμενος
1363 869 1407 939 9)
1445 876 1541 936 τὰς
1581 882 1680 927 τῶν
1695 871 1763 942 10)
1802 876 2103 948 παρανόμων

305 964 522 1036 γραφάς.
600 964 848 1025 πολλάκις
898 982 957 1015 τε
1008 965 1107 1034 γὰρ
1159 964 1221 1014 τὸ
1273 969 1346 1032 τῷ
1398 964 1544 1034 δήμῳ
1596 965 1716 1034 πρὸς
1754 965 1844 1016 τὸν
1882 965 2103 1037 πόλεμον

305 1054 553 1124 συμφέρον
594 1054 792 1123 ὑστερεῖ
825 1059 927 1104 τῶν
966 1059 1167 1123 καιρῶν,
1209 1052 1595 1123 ἐμποδιζόμενον
1636 1054 1726 1104 ὑπὸ
1766 1060 1868 1105 τῶν
1908 1054 1958 1105 ἐν
1997 1059 2103 1116 τοῖς

303 1142 471 1212 νόμοις
520 1142 851 1213 κωλυμάτων.
928 1143 1011 1193 δεῖ
1055 1142 1116 1193 δὲ
1158 1142 1247 1193 τὸν
1287 1140 1489 1211 ἀγαθὸν
1527 1140 1813 1213 σύμβουλον
1852 1141 2102 1215 ἑκατέρων

302 1229 497 1282 τούτων
542 1231 634 1296 τὴν
672 1231 919 1303 διαφορὰν
958 1229 1178 1301 θεωρεῖν,
1233 1230 1320 1282 καὶ
1359 1228 1483 1282 ὅταν
1525 1230 1611 1302 μὲν
1651 1230 1842 1301 εἰρήνην
1882 1229 2099 1303 ἄγωμεν,

302 1319 411 1390 περὶ
447 1320 672 1382 πλείονος
709 1313 1105 1385 <ποιεῖσθαι>11)
1144 1320 1215 1371 τὰ
1251 1325 1353 1371 τῶν
1391 1319 1569 1390 νόμων,
1613 1318 1737 1371 ὅταν
1775 1319 1823 1372 δ’
1860 1320 1928 1383 εἰς
1953 1321 2099 1374 πολε-

304 1410 476 1479 μικοὺς
513 1407 765 1470 κινδύνους
802 1415 1168 1479 καταστῶμεν,
1224 1413 1380 1460 τοῦτο
1395 1401 1463 1472 12)
1505 1413 1732 1474 σκοπεῖν,
1787 1408 1918 1472 ὅπως
1955 1410 2103 1462 παντὶ

301 1488 469 1568 τρόπῳ
510 1492 817 1568 σώσομεν13)
857 1498 992 1568 ἡμᾶς
1031 1496 1229 1559 αὐτούς.
1308 1496 1556 1558 τοιούτοις
1594 1497 1797 1567 λύγοις,
1848 1496 1886 1549 ὦ
1927 1495 2104 1570 ἄνδρες

299 1585 589 1652 Ἀθηναῖοι,
642 1587 705 1638 τὸ
756 1586 954 1652 πλῆθος
1005 1586 1292 1650 ἐξαπατῶσι
1342 1585 1428 1637 καὶ
1479 1585 1730 1638 πείθουσιν
1781 1586 1867 1638 ἐᾶν
1919 1586 2104 1649 αὐτοὺς

301 1675 570 1746 παράνομα
625 1676 854 1748 γράφειν’
920 1674 955 1726 ἃ
1011 1675 1099 1727 καὶ
1154 1676 1291 1745 παρὰ
1346 1674 1541 1727 τούτων
1560 1668 1629 1739 1⁴³)
1688 1680 1769 1727 νῦν
1827 1674 1960 1728 ἐστιν
2018 1694 2099 1727 πε-

302 1763 591 1836 πραγμένα’.

1005 1887 1059 1947 2.
1123 1884 1397 1964 Χαρίσιος

449 2016 537 2072 33.
575 2020 904 2094 Ἀντίγραφοι
922 2021 1183 2086 διαθῆκαι.
1227 2021 1473 2092 Χαρίσιος
1493 2019 1544 2072 ἐν
1567 2027 1641 2090 τῷ
1665 2021 1786 2092 πρὸς
1807 2020 2098 2093 Σωκράτην.

291 2109 518 2183 (ἔχουσαι
556 2110 642 2182 μὲν
680 2110 769 2192 τὸν
810 2110 963 2162 αὐτὸν
1003 2110 1201 2181 τρόπον,
1244 2109 1498 2175 ἀλλήλαις
1523 2109 1583 2161 δὲ
1608 2107 1736 2175 ἦσαν
1763 2108 2096 2183 ἀντίγραφοιῖ

300 2241 432 2281 Gerth
475 2241 568 2279 112
617 2253 659 2292 p.
693 2247 780 2289 474
828 2239 925 2280 adn.
965 2239 1018 2290 1).
1201 2235 1247 2292 4)
1312 2230 1400 2291 μετ’
1450 2234 1567 2291 ὀλίγα
1614 2238 1676 2278 G:
1727 2231 1814 2292 μετ’
1865 2234 2000 2292 ὀλίγον
2049 2240 2100 2283 V.

299 2312 342 2368 5)
373 2311 680 2368 πολιτευόμενοι
695 2315 746 2356 ν.
869 2311 913 2368 6)
948 2310 1080 2367 μηδὲν
1112 2326 1194 2353 om.
1220 2313 1272 2354 V.
1397 2309 1441 2366 7)
1473 2312 1556 2351 hoc
1586 2312 1684 2351 loco
1708 2313 1939 2363 Gregorius
1970 2313 2098 2352 finem

297 2389 412 2430 facit.
555 2385 608 2443 ¹8)
640 2387 890 2441 παραλύσεις
922 2388 983 2427 V:
1017 2386 1272 2441 παραδύσεις
1304 2386 1417 2426 coni.
1449 2386 1725 2427 Brinkmann.
1878 2383 1924 2440 9)
1957 2383 2098 2439 βουλό-

303 2476 425 2517 μενος
466 2463 523 2502 V:
576 2461 832 2516 φοβούμενος
871 2474 994 2514 prop.
1040 2462 1188 2511 Rabe,
1238 2460 1417 2500 fortasse
1460 2457 1707 2514 βουλὸμενος
1746 2456 1979 2516 <φεύγειν>
2022 2461 2098 2510 τὰς

299 2534 370 2590 10)
410 2539 494 2579 τῶν
535 2536 648 2576 haud
687 2536 778 2576 iure
809 2536 920 2575 delet
951 2535 1095 2585 Rabe,
1145 2535 1198 2576 cf.
1232 2534 1429 2575 Aeschin.
1463 2535 1530 2583 111,
1570 2535 1651 2582 196
1692 2534 1769 2582 τὰς
1804 2535 1971 2588 γραφὰς
2012 2536 2097 2577 τῶν

296 2609 565 2664 παρανόμων.
721 2608 792 2664 11)
824 2610 1033 2653 ποιεῖσθαι
1061 2610 1201 2662 suppl.
1233 2609 1368 2649 Rabe.
1523 2605 1593 2661 12)
1626 2610 1699 2650 τοῦ
1720 2608 1779 2647 V:
1813 2610 1934 2650 τοῦτο
1956 2608 2094 2650 Rabe.

299 2683 370 2739 13)
403 2684 610 2739 σώσωμεν
642 2685 693 2734 ν,
727 2697 834 2726 corr.
868 2684 997 2726 idem.
1126 2682 1196 2737 14)
1236 2682 1392 2725 τούτων
1425 2683 1475 2734 V,
1507 2680 1651 2724 τούτου
1685 2695 1808 2735 prop.
1841 2682 1986 2731 Rabe3
2020 2680 2094 2721 sed

295 2772 443 2799 omnes
475 2760 688 2811 designari
720 2764 836 2812 puto,
871 2759 943 2811 qui
976 2758 1030 2798 ab
1053 2757 1284 2811 Hyperidis
1307 2756 1498 2809 partibus
1520 2755 2095 2808 stabant.—-Aristogitonis

295 2848 405 2887 quae
438 2840 564 2873 antea
596 2834 721 2872 nobis
753 2838 855 2873 nota
887 2838 1005 2872 erant
1036 2832 1273 2883 fragmenta
1304 2831 1574 2872 contulerunt
1602 2829 1951 2882 Baiter-Sauppe,
1985 2835 2092 2870 orat.

295 2909 418 2950 Attio.
451 2909 487 2947 ΙΙ
519 2921 560 2960 p.
586 2917 841 2959 309—310;
876 2907 928 2946 de
959 2907 1048 2946 vita
1081 2906 1134 2946 cf.
1167 2905 1408 2954 Thalheim,
1443 2905 1486 2946 P.
1513 2905 1579 2945 W.
1603 2905 1639 2943 II
1672 2917 1712 2956 p.
1737 2912 1845 2954 931;
1881 2903 1934 2942 de
1965 2916 2093 2943 causa

294 2982 526 3034 Hyperidis
558 2995 596 3021 v.
629 2982 962 3034 Baiter-Sauppe
1004 2981 1032 3022 l.
1065 2980 1094 3020 1.
1139 2993 1179 3032 p.
1215 2979 1300 3019 280
1333 2984 1374 3018 et
1408 2979 1458 3020 A.
1493 2978 1716 3027 Schaefer,
1750 2977 1972 3018 Demosth.
2004 2977 2091 3016 und

293 3056 407 3095 seine
446 3056 534 3095 Zeit
570 3056 714 3098 11110.
865 3049 969 3097 33.
1017 3056 1068 3096 R.
1107 3053 1407 3103 Reitzenstein,
1443 3052 1620 3092 Photios
1658 3066 1698 3104 p.
1724 3059 1819 3101 147,
1857 3050 2027 3101 17—18
2051 3056 2092 3090 et

292 3142 332 3182 p.
368 3130 543 3170 XXVII.
666 3130 731 3169 De
779 3129 976 3170 Charisio
1025 3134 1192 3168 oratore
1239 3140 1349 3167 saec.
1398 3127 1470 3168 IV.
1519 3126 1712 3165 exeuntis
1759 3126 1812 3165 cf.
1855 3126 1921 3166 Fr.
1954 3124 2089 3174 Blass,

292 3204 378 3243 Att.
411 3204 503 3243 Ber.
536 3204 591 3242 III
624 3214 647 3242 2
692 3203 758 3243 ed.
804 3213 827 3241 2
867 3203 999 3253 1898,
1043 3215 1085 3255 p.
1120 3210 1206 3253 350
1222 3214 1285 3253 sq.
1439 3200 1680 3249 Thalheim,
1714 3199 1760 3240 P.
1783 3199 1852 3238 W.
1886 3197 2088 3239 Realenc.
