2262 3626
277 180 329 209 10
643 173 674 212 I.
736 173 939 213 DECEM
971 174 1305 216 ORATORUM
1337 176 1697 219 FRAGMENTA

182 332 235 375 15
270 319 336 370 ὢν
375 320 462 371 καὶ
488 317 506 385 ΙΙ
535 313 784 387 ἐπ]ιεικής.
850 321 914 373 Εἰ
951 340 1002 373 τι
1041 341 1065 373 ε
1093 360 1262 372 .....
1298 316 1305 391 Ι
1341 363 1351 374 .
1380 364 1391 374 .
1421 344 1466 386 οι
1503 325 1678 398 λαβεῖν
1716 329 1860 395 δίκην
1888 367 1900 379 .
1929 368 1941 379 .
1970 368 1981 380 .
2010 368 2022 380 .
2055 325 2058 397 Ι

269 446 280 458 .
309 446 319 457 .
350 425 394 469 οι
433 408 725 480 βούλοιντο·
770 427 801 467 σ
829 447 998 459 .....
1034 403 1041 477 Ι
1077 448 1089 459 .
1118 448 1129 459 .
1156 431 1181 462 ν
1219 413 1307 464 καὶ
1343 414 1504 466 πίστιν
1544 433 1596 475 ευ
1625 453 1637 464 .
1664 453 1676 465 .
1704 455 1715 466 .
1744 455 1755 466 .
1791 409 1797 484 Ι
1834 455 1846 467 .
1873 436 1926 480 ᾳι
1959 412 2062 490 [με-
2107 466 2110 469 ,

175 511 235 556 20
267 490 471 568 γ]ίστας
508 517 611 549 κατ
637 536 806 547 .....
835 493 853 561 ΙΙ
882 518 985 570 εμω
1015 536 1030 548 .
1055 538 1066 548 .
1106 517 1174 561 etv
1203 519 1283 552 τοι
1310 538 1519 553 ......
1556 498 1561 570 Ι
1598 496 1697 565 (τιν’
1737 499 1866 574 κ[α]ὶ
1891 506 2062 560 ἀποδι-

263 579 591 657 δομε....Ι
628 625 837 636 ......
867 588 1255 663 ςκαὶείτιτ
1281 628 1451 641 .....

692 729 765 782 Π.
819 729 921 783 Ex
958 730 1248 786 incerta
1286 734 1635 789 oratione.

415 841 502 895 17.
542 842 991 915 Ἀνεπικλήρωτοι·
1034 843 1136 898 οἷον
1175 845 1290 899 ἄνευ
1330 855 1421 901 τοῦ
1462 851 1830 921 κληρώσασὸαι
1865 851 2061 916 Ἰσαῖος.

1030 1021 1296 1098 Αἰσχίνης

412 1150 500 1204 18.
552 1153 911 1217 <Ἀ>νεπιεικές
943 1196 953 1207 .
983 1193 994 1204 .
1024 1193 1036 1205 .
1066 1196 1077 1207 .
1104 1154 1472 1229 Ἀριστοφάνης
1509 1158 1596 1210 καὶ
1634 1159 1886 1233 Αἰσχίνης.

978 1313 1338 1399 Δημοσθένης

693 1444 823 1497 XII.
880 1447 1243 1515 Ἐπιστολὴ
1286 1448 1634 1503 Φιλίππου.

410 1561 497 1617 19.
519 1560 857 1630 Quamquam
885 1561 1123 1629 epistula
1154 1561 1276 1629 ipsa
1295 1562 1352 1616 in
1374 1565 1689 1620 commentis
1709 1567 1932 1636 Didymi
1950 1584 2058 1623 non

259 1648 584 1718 explicatur,
625 1653 809 1705 tamen
849 1651 1056 1706 duobus
1097 1667 1165 1705 ex
1191 1650 1323 1705 locis
1349 1651 1582 1720 Didymo
1611 1654 1726 1708 eius
1752 1655 2058 1723 exemplum

261 1742 391 1793 ante
442 1739 623 1793 oculos
675 1739 844 1794 fuisse
891 1744 1151 1809 apparet,
1204 1741 1346 1807 quod
1385 1745 1442 1795 et
1480 1747 1801 1810 argumento
1841 1748 1898 1798 et
1935 1760 2057 1799 ver-

259 1828 449 1882 borum
498 1827 885 1895 compositione
925 1843 1046 1882 cum
1085 1829 1323 1896 epistula
1360 1830 1517 1884 nobis
1555 1847 1654 1899 per
1693 1833 1904 1887 codices
1942 1837 2058 1888 tra-

258 1917 377 1971 dita
414 1917 634 1971 minime
674 1918 1025 1985 congruebat.

408 2006 464 2076 a)
505 2006 614 2061 Col.
653 2006 738 2060 IX
777 2007 1027 2075 43—45,
1083 2021 1187 2073 quo
1238 2007 1355 2061 loco
1395 2008 1451 2062 X
1489 2009 1519 2077 ξ
1563 2010 1631 2063 70
1686 2012 2057 2088 Ἀριστομήδης

258 2094 595 2164 explicatur,
632 2094 891 2162 legimus:
943 2098 1042 2152 Δύο
1081 2098 1464 2173 Ἀριστομήδεις
1503 2102 1650 2169 εἰσίν,
1692 2103 1864 2175 ἕτερος
1901 2105 1990 2177 μὲν
2030 2105 2056 2158 ὁ

257 2228 396 2281 suppl.
437 2228 552 2278 GH,
600 2227 745 2267 addidi
787 2225 868 2278 ὢν,
923 2240 1030 2280 quae
1079 2242 1162 2268 vox
1212 2230 1398 2282 spatium
1446 2243 1692 2271 concessum
1739 2246 1826 2273 non
1873 2240 2056 2287 superat.

259 2299 434 2343 17—18
468 2298 623 2356 [ὅρκο]ν
654 2299 727 2344 καὶ
756 2299 892 2344 πίστιν
922 2314 1045 2354 prop.
1079 2303 1206 2344 Fuhr.
1311 2300 1366 2344 19
1400 2301 1638 2359 [μεγ]ίστας
1668 2306 1807 2359 suppl.
1841 2308 1965 2350 Fuhr.
1998 2331 2055 2338 —

256 2379 356 2416 Non
403 2390 490 2416 esse
532 2377 731 2426 dubium,
774 2376 876 2428 quin
918 2377 1142 2416 exordium
1182 2377 1391 2417 orationis
1434 2379 1562 2419 nobis
1603 2387 1817 2420 servatum
1848 2382 1924 2432 sit,
1969 2395 2054 2434 quo

255 2457 400 2492 orator
436 2452 618 2493 invitum
659 2463 703 2490 se
742 2457 785 2490 et
827 2456 1024 2490 coactum
1055 2451 1100 2489 in
1135 2451 1298 2491 iudicio
1331 2452 1482 2492 adesse
1514 2453 1650 2503 dicat,
1691 2460 1804 2494 recte
1835 2455 1950 2495 Fuhr
1982 2469 2052 2496 co-

254 2526 406 2578 gnovit
451 2525 522 2579 (cf.
569 2526 695 2565 Dem.
741 2525 787 2564 in
834 2525 1084 2577 Olympiod.
1126 2526 1181 2575 11,
1225 2525 1355 2565 Dion.
1399 2527 1500 2566 Hal.
1544 2527 1598 2566 de
1642 2527 1740 2581 Lys.
1784 2526 1871 2583 24).
1942 2531 2056 2570 Inter

253 2601 493 2651 fragmenta
532 2599 740 2639 orationis
780 2591 874 2642 κατ’
921 2591 1180 2653 Ἐλπαγὸρου
1223 2596 1296 2642 καὶ
1334 2599 1611 2655 Δημοφάνους
1651 2601 1903 2654 inscriptae,
1945 2616 2055 2655 quae

250 2675 305 2713 ab
338 2674 682 2726 Harpocratione
725 2673 948 2726 quinquies
990 2673 1133 2713 decies
1165 2673 1365 2713 laudatur
1408 2671 1762 2728 (Baiter-Sauppe
1793 2677 1829 2716 II
1860 2690 1902 2730 p.
1937 2675 2052 2731 233),

250 2748 412 2787 nullum
446 2754 518 2798 est,
554 2748 671 2800 quod
703 2760 797 2788 cum
829 2748 910 2787 hoc
943 2748 1195 2789 consentiat.
1379 2741 1474 2788 17.
1526 2748 1834 2800 Reitzenstein,
1878 2751 2053 2791 Photius

250 2835 291 2874 p.
331 2831 425 2872 133,
451 2822 490 2863 8.
632 2816 729 2864 18.
777 2822 1080 2872 Reitzenstein,
1115 2821 1290 2861 Photios
1322 2835 1364 2874 p.
1395 2830 1473 2871 133
1505 2835 1545 2863 v,
1570 2823 1595 2862 6
1628 2822 1807 2874 dubitat,
1840 2837 1942 2864 num
1973 2825 2054 2865 hoc

251 2895 350 2935 loco
377 2895 600 2935 Aeschinis
633 2909 787 2936 nomen
820 2902 933 2936 recte
965 2895 1164 2935 traditum
1195 2895 1262 2937 sit.
1325 2896 1478 2935 Melius
1509 2896 1565 2937 H.
1600 2897 1761 2936 Krauss
1792 2897 1838 2936 in
1869 2897 2055 2939 editione

254 2969 475 3009 Aeschinis
523 2970 727 3010 Socratici
775 2983 817 3022 p.
851 2971 920 3020 61,
965 2970 1046 3009 116
1083 2969 1252 3009 scribit:
1311 2969 1500 3021 ‘cogitari
1548 2975 1689 3022 potest
1736 2970 1788 3010 de
1835 2972 2054 3013 Socratico

254 3043 459 3083 Aeschine
502 3043 681 3083 fortasse
722 3056 772 3083 eo
815 3044 970 3095 magis,
1015 3043 1216 3095 quoniam
1259 3056 1342 3083 vox
1383 3043 1427 3082 in
1460 3044 1640 3083 oratoris
1674 3045 1938 3086 orationibus
1970 3058 2054 3086 ser·

251 3117 358 3157 vatis
389 3130 597 3168 nusquam
628 3118 810 3168 legitur'.
911 3111 1008 3158 19.
1041 3118 1143 3170 Pap.
1178 3116 1318 3159 Berol.
1353 3117 1482 3167 9780.
1562 3117 1672 3160 Berl.
1705 3119 2050 3170 Klassikertexte,

250 3192 499 3242 herausgeg.
533 3205 572 3231 v,
607 3191 646 3231 d.
682 3191 993 3233 Generalverw.
1028 3191 1068 3232 d.
1102 3191 1204 3242 Kgl.
1237 3191 1414 3231 Museen
1455 3204 1506 3231 zu
1548 3192 1715 3244 Berlin,
1755 3194 1857 3233 Heft
1888 3194 1925 3243 1,
1973 3194 2050 3234 Di-

250 3265 401 3317 dymos
435 3265 717 3304 Kommentar
747 3278 796 3303 zu
829 3266 1137 3305 Demosthenes
1169 3265 1317 3307 bearb.
1351 3277 1390 3305 ν.
1424 3265 1482 3306 H.
1517 3266 1636 3305 Diels
1668 3279 1709 3306 u.
1736 3267 1802 3309 W.
1825 3267 2035 3308 Schubart
