2202 3548
207 112 234 151 6
641 113 669 154 1.
733 112 932 153 DECEM
964 113 1298 154 ORATORUM
1329 101 1688 155 FRAGMENTA

357 259 404 310 6.
452 259 815 325 Ἀκοινώνητος
845 300 856 312 .
888 300 900 312 .
933 300 943 312 .
971 258 1231 332 Ἀντιφῶν.

359 356 404 411 7.
457 358 884 433 Ἀμαρτυρήτως“
927 361 1243 433 ἀμαρτύρως.
1322 363 1482 426 οὕτως
1518 361 1780 438 Ἀντιφῶν.

959 542 1013 602 Λ
1031 564 1060 602 υ
1081 566 1115 602 σ
1133 543 1205 602 ία
1223 566 1250 614 ς

545 675 580 727 Ι.
640 676 798 747 Περὶ
834 683 951 728 τοῦ
992 674 1356 748 Διογένους
1393 679 1664 749 κλήρου.

356 788 402 842 8.
441 791 816 865 Ἀντιῧικοῦμεν
830 804 842 815 ·
867 835 878 846 .
904 836 915 846 .
941 835 952 846 .
977 835 989 846 .
1031 793 1225 857 Λυσίας
1246 795 1296 846 ἐν
1316 802 1389 866 τῷ
1410 795 1518 866 περὶ
1536 793 1800 866 Διογένους
1813 791 1855 861 1)
1876 797 2000 862 κλή-

207 898 292 951 ρου
344 881 464 951 πρὸς
504 880 809 934 Γλαύκωνα·
869 881 1231 955 εἀντιδικο“ὐ’μεν
1273 881 1556 957 Θουγενίδῃ
1568 878 1611 949 2)
1661 885 1792 936 δέκα
1842 882 1948 951 {ms
1960 879 2003 950 3)

204 968 354 1027 <καὶ>
367 963 411 1033 4)
458 968 536 1035 (τί,
579 969 770 1041 ὠγαθέ,
811 969 1158 1044 ἀντιδικοῦμεν
1205 971 1451 1039 ἀλλήλοις
1466 967 1508 1038 ⁵)
1549 970 1624 1024 ἔτι
1636 972 1663 1038 3’

327 1109 398 1163 II.
455 1114 612 1183 Περὶ
649 1122 765 1167 τοῦ
804 1116 1313 1190 διαφθαρέντος
1350 1118 1465 1170 τὸν
1506 1117 1879 1191 ὀφθαλμόν.

355 1229 401 1282 9.
458 1273 469 1283 .
502 1273 512 1284 .
545 1273 556 1284 .
587 1231 718 1284 οὕτω
756 1233 817 1284 δὲ
857 1230 959 1306 ἔχει
983 1234 1071 1286 καὶ
1098 1233 1124 1285 ὁ
1152 1233 1340 1287 Λυσίου
1368 1231 1544 1306 λόγος,
1587 1235 1613 1287 ὁ
1639 1236 1749 1307 περὶ
1772 1241 1865 1288 τοῦ
1890 1236 2001 1288 δια-

203 1318 486 1392 φθαρέντος
523 1322 613 1373 τὸν
654 1320 945 1394 ὀφθαλμόν·
986 1322 1292 1394 ἠναγκάσθη
1332 1325 1431 1395 γὰρ
1470 1324 1559 1376 καὶ
1591 1322 1767 1396 ἑτέραν
1792 1325 2000 1391 ποιήσα-
2050 1382 2054 1385 ,

204 1407 328 1460 σθαι
365 1411 676 1481 κατηγορίαν
715 1411 835 1482 πρὸς
874 1410 1154 1477 ἀνασκευὴν
1193 1417 1286 1478 τῆς
1326 1412 1623 1484 ἀπολογίας.

204 1566 419 1605 veniamus
470 1566 528 1608 ib.
581 1580 623 1621 p.
668 1577 737 1618 31,
774 1567 821 1608 8:
877 1560 1177 1611 Ἀδιάστατον·
1239 1565 1285 1611 τὸ
1337 1569 1463 1623 μήπω
1506 1566 1722 1623 διεστηκὸς
1763 1567 1872 1624 μηδὲ
1913 1572 2002 1613 δια-

202 1634 454 1693 κεκριμένον.
529 1632 739 1694 Ἀντιφῶν
786 1631 920 1692 εῗπεν,
969 1643 1086 1695 quod
1132 1642 1306 1690 verbum
1349 1643 1657 1696 Anthiphontis
1703 1657 1791 1684 esse
1832 1644 2000 1698 Harpo-

205 1714 368 1753 cration
400 1727 571 1767 quoque
601 1728 643 1767 p.
680 1723 717 1767 5,
756 1726 807 1766 19
841 1715 1009 1756 Bekker
1050 1714 1116 1770 (fr.
1154 1727 1237 1765 144
1269 1715 1351 1772 Bl.)
1392 1722 1588 1768 testatur,
1636 1723 1748 1759 recte
1789 1718 2000 1760 Schwartz

207 1787 404 1841 Ξενοφῶν
442 1788 488 1828 in
517 1781 727 1843 Ἀντιφῶν
759 1790 948 1833 mutavit.
1077 1785 1140 1832 6.
1187 1791 1246 1832 ib.
1279 1805 1321 1844 p.
1356 1792 1426 1842 66,
1452 1800 1490 1844 5.
1624 1786 1685 1834 7.
1732 1793 1791 1835 ib.
1825 1793 1895 1844 87,
1930 1802 1999 1846 25.

203 1861 354 1902 Suidas
385 1863 493 1903 hanc
525 1877 674 1903 vocem
708 1864 946 1917 Antiphani
979 1864 1194 1907 adscribit.
1316 1859 1380 1906 8.
1412 1866 1465 1908 R.
1491 1865 1790 1916 Reitzenstein,
1821 1866 1876 1908 D.
1898 1867 1999 1909 Anf.

204 1935 278 1974 des
323 1938 426 1978 Lex.
475 1937 517 1978 d.
564 1937 686 1979 Phot.
735 1951 776 1990 p.
816 1947 911 1989 147,
947 1947 999 1991 25
1019 1951 1081 1991 sq.
1209 1937 1249 1992 1)
1291 1941 1390 1979 Duo
1433 1945 1576 1980 extant
1621 1940 1732 1980 tituli
1779 1940 1997 1991 simillimi,

204 2022 384 2061 quorum
415 2011 523 2051 alter
551 2008 654 2065 πρὸς
683 2011 916 2055 Γλαύκωνα
945 2010 1040 2066 περὶ
1069 2016 1143 2055 τοῦ
1163 2009 1447 2066 Δικαιογένους
1477 2014 1630 2068 κλήρου
1663 2028 1685 2054 e
1707 2014 1837 2056 Suida
1858 2012 1926 2071 (fr.
1945 2026 1998 2068 23

204 2088 244 2124 et
277 2094 332 2132 24
364 2082 541 2140 Thalh.)
586 2086 839 2137 restituitur,
888 2087 993 2126 alter
1021 2101 1046 2127 a
1086 2087 1306 2127 Prisciano
1349 2094 1390 2128 et
1420 2089 1630 2141 Harpocr.
1668 2087 1734 2142 (fr.
1774 2100 1829 2140 29
1872 2099 1914 2130 et
1945 2100 1996 2142 31

203 2155 374 2211 Thalh.)
416 2158 598 2199 traditur
637 2157 732 2213 περὶ
771 2162 845 2203 τοῦ
883 2155 1096 2214 Διογένους
1137 2158 1302 2215 κλήρου.
1333 2155 1335 2157 ’
1362 2163 1510 2214 Itaque
1540 2163 1698 2213 Reitz.,
1741 2164 1810 2203 cui
1843 2164 2000 2204 Wuen·

201 2231 342 2271 schius
381 2233 627 2284 assentitur,
671 2235 787 2286 apud
817 2234 1014 2274 Photium
1056 2248 1162 2277 corr.
1202 2233 1297 2288 περὶ
1335 2231 1708 2291 Δκκαι>ογένους,
1749 2250 1873 2289 quem
1912 2251 2000 2278 non

202 2310 368 2346 secutus
401 2318 505 2348 sum.
567 2307 678 2347 Nam
710 2321 805 2347 cum
837 2321 888 2348 ex
919 2310 1157 2361 fragmento
1189 2309 1330 2349 Photii
1362 2309 1701 2350 concludendum
1733 2324 1823 2351 esse
1854 2318 1999 2364 putem

202 2379 310 2419 duos
367 2379 468 2420 illos
526 2381 671 2421 titulos
728 2381 851 2422 unius
909 2383 1180 2436 eiusdemque
1227 2396 1317 2424 esse
1363 2383 1588 2434 orationis,
1638 2385 1773 2425 tribus
1819 2386 1999 2427 testibus

203 2452 342 2505 (Phot.
375 2454 505 2496 Prisc.
546 2452 775 2510 Harpocr.)
808 2456 1022 2496 confidere
1052 2456 1167 2496 malo
1201 2470 1328 2509 quarn
1357 2457 1514 2498 Suidae
1544 2458 1640 2501 soli.
1770 2456 1813 2514 2)
1844 2456 1999 2514 Θουγέ-

200 2528 310 2576 νιδες
331 2529 444 2570 coni.
467 2529 626 2571 Reitz.:
662 2526 890 2591 Θουγενίδῃ
913 2530 1026 2572 coni.
1045 2531 1232 2581 Wilam.,
1266 2531 1550 2584 Sitzungsber.
1575 2532 1617 2574 d.
1639 2534 1743 2586 Kgl.
1765 2534 1832 2577 Pr.
1855 2535 1997 2578 Akad.

201 2601 241 2641 d.
275 2601 402 2644 Wiss.
441 2611 550 2654 1907
600 2617 641 2655 p.
679 2614 752 2654 13:
801 2601 1012 2658 ἴῗιουγενίδεΞ
1045 2604 1170 2647 codd.
1219 2605 1341 2648 falso.
1493 2603 1538 2659 3)
1585 2608 1804 2656 δικασταῖς
1849 2609 1997 2651 codd.:

201 2687 306 2716 corr.
330 2676 504 2719 Wilam.
626 2674 670 2730 4)
703 2675 775 2720 καὶ
795 2679 935 2731 suppl.
961 2679 1095 2721 Reitz.
1218 2677 1262 2733 5)
1295 2676 1496 2734 ἀλλήλους
1515 2680 1640 2722 codd.
1662 2681 1795 2721 falso:
1830 2678 1997 2739 <πρός>

202 2746 402 2802 ἀλλήλους
432 2751 543 2792 coni.
579 2751 725 2802 Reitz.,
760 2749 949 2807 ἀλλήλοις
980 2752 1153 2795 Wilam.
1276 2749 1339 2795 9.
1370 2755 1580 2807 Johannis
1622 2754 1794 2795 diaconi
1841 2769 1995 2800 comm.

200 2822 244 2861 in
297 2823 629 2876 Hermogenem,
678 2826 772 2868 cod.
806 2827 903 2867 Vat.
946 2839 1008 2879 gr.
1054 2827 1169 2868 2228
1212 2829 1242 2869 f.
1274 2827 1357 2877 481
1373 2841 1407 2871 r.
1574 2828 1704 2881 Hugo
1741 2830 1875 2881 Rabe,
1909 2832 1996 2871 Aus

200 2896 735 2939 Rhetorenhandschriften
766 2902 796 2950 I,
836 2902 917 2943 Rh.
941 2901 1051 2942 Mus.
1075 2902 1146 2952 63,
1176 2900 1285 2952 1908
1320 2915 1361 2954 p.
1399 2913 1495 2954 143.
1619 2903 1759 2943 Huius
1791 2905 1997 2945 orationis

200 2970 365 3009 initium
409 2972 531 3012 nobis
573 2973 776 3013 traditum
819 2980 881 3014 est
921 2975 966 3015 in
1007 2976 1144 3016 schol.
1186 2977 1410 3018 Demosth.
1445 2977 1510 3018 ed.
1545 2976 1740 3016 Sakellio
1783 2975 1911 3031 (Bull.
1944 2977 1997 3017 de

199 3056 306 3085 corr.
341 3045 440 3095 hell.
474 3047 490 3085 I
525 3055 629 3098 150;
665 3049 717 3087 cf.
750 3049 907 3100 Lysiae
939 3062 1000 3091 or.
1035 3049 1288 3092 ed.'Tha1h.
1327 3061 1433 3101 1901
1470 3051 1520 3092 fr.
1556 3051 1661 3100 36a,
1697 3050 1750 3092 G.
1784 3051 1923 3092 Cobet
1955 3058 1995 3091 et

198 3116 235 3168 J.
280 3118 488 3158 Hartman
534 3130 642 3172 1905
685 3121 736 3163 fr.
780 3123 900 3162 XXII
914 3121 976 3176 a),
1025 3125 1257 3164 secundum
1298 3125 1413 3177 quod
1455 3124 1592 3164 oratio
1634 3124 1837 3178 inscripta
1878 3132 1992 3166 erat:

190 3186 299 3242 ,πρὸς
328 3189 584 3246 Εὐθύδημον
615 3192 715 3248 ὑπὲρ
748 3199 822 3238 τοῦ
852 3193 1001 3246 παιδὸς
1031 3199 1105 3240 τοῦ
1136 3194 1442 3252 διαφθαρέντος
1471 3196 1540 3242 τὸν
1572 3194 1814 3253 ὀφθαλμόν,
1856 3206 1897 3240 et
1925 3201 1990 3239 in·

2191 2298 2202 2311 ,

2194 2399 2202 2430 ,ἓ

2187 2478 2202 2608 ἓ
